02RETORNO01COBRANCA       00000000000004296362SHOW PREST SERV DO BRASIL LTDA237BRADESCO       0204120160000000289                                                                                                                                                                                                                                                                          020412         000001
102093389990001580000009020070011639401446719000466967        00000000132012010229000000000000000000000000091002041217826/03  00000000132012010229300112000000001995023700000  000000000000000000000000000000000000000000000000000000000000000000000000000000000000000000000000000000000000000000000                          1600000000                                                                  000002
102093389990001580000009020070011639435299171000148972        0000000013201201027P000000000000000000000000091002041217294/06  0000000013201201027P300112000000003015023700000  000000000000000000000000000000000000000000000000000000000000000000000000000000000000000000000000000000000000000000000                          1600000000                                                                  000003
102093389990001580000009020070011639407077192000183973        00000000132012010288000000000000000000000000091002041217272/06  00000000132012010288300112000000008445023700000  000000000000000000000000000000000000000000000000000000000000000000000000000000000000000000000000000000000000000000000                          1600000000                                                                  000004
102093389990001580000009020070011639434958330000106974        00000000132012010296000000000000000000000000091002041217568/04  00000000132012010296300112000000006445023700000  000000000000000000000000000000000000000000000000000000000000000000000000000000000000000000000000000000000000000000000                          1600000000                                                                  000005
102093389990001580000009020070011639407398164467977           00000000132012010326000000000000000000000000091002041218030/03  00000000132012010326300112000000001035023700000  000000000000000000000000000000000000000000000000000000000000000000000000000000000000000000000000000000000000000000000                          1600000000                                                                  000006
102093389990001580000009020070011639412727145000682979        000000001320130103460000000000000000000000000910020412000895    00000000132013010346300112000000072135023700000  000000000000000000000000000000000000000000000000000000000000000000000000000000000000000000000000000000000000000000000                          1600000000                                                                  000007
9201237          000000430000000743623800000289          00000000000000000000000000000000000000000000000000600000093070000000000000000000000000000000000000000000000000000000000000000000000                                                                                                                                                                              00000000000000000000000         000008
