02RETORNO01COBRANCA       00000000000004296362SHOW PREST SERV DO BRASIL LTDA237BRADESCO       2903120160000000287                                                                                                                                                                                                                                                                          300312         000001
1020933899900015800000090200700116394014467190003851157       000000001320760124970000000000000000000000000906290312NF001368  00000000132076012497300312000000002345023703224  000000000000000000000000000000000000000000000000000000000000000000000000000000000000002345000000000000000000000000000   300312             00000000000000                                                                  000002
1020933899900015800000090200700116394412215160001431163       0000000013207601256P0000000000000000000000000906290312NF001077  0000000013207601256P300312000000028800010401010  000000000000000000000000000000000000000000000000000000000000000000000000000000000000028800000000000000000000000000000   300312             00000000000000                                                                  000003
9201237          000000570000000883473800000287          00000000000000000000000311450000020000003114500000000000000000000000000000000000000000000000000000000000000000000000000000000000000                                                                                                                                                                              00000000000000000000000         000004
