02RETORNO01COBRANCA       0200300028629X000000SHOW PRESTADORA DE SERVICOS DO001BANCO DO BRASIL2811120000285                      000000285504290680  2325061                                                                                                                                                                                                                                              000001
9201001          000000000000000000000000000000          000000000000000000000000000000          000000000000000000000000000000          000000000000000000000000000000                                                  000000000000000000000000000000                                                                                                                                                   000002
