00100000         2093389990001580024093140014       002003000000028629X SHOW PRESTADORA DE SERVICOS DOBANCO DO BRASIL                         21001201301532000028603000000504290680PROCESSAMEN                                                 
00100011T0100020 20093389990001580024093140014       002003000000028629X SHOW PRESTADORA DE SERVICOS DO                                                                                000000001001201300000000  000000000                      
0010001300001T 06002003000000028629X 24093140000001136   1               00000000000000000099450001043621                         0900000000000000000000000000000000000000000000000000000   000000000000000000000018500        180192409314     
0010001300002U 060000000000000000000000000000000000000000000000000000000000000000000000994500000000000992650000000000000000000000000000001001201311012013            000000000000000                              000                           
0010001300003T 06002003000000028629X 24093140000001144   1               00000000000000000105000237021050                         0900000000000000000000000000000000000000000000000000000   000000000000000000000018500        180192409314     
0010001300004U 060000000000000000000000000000000000000000000000000000000000000000000001050000000000001048150000000000000000000000000000001001201311012013            000000000000000                              000                           
0010001300005T 06002003000000028629X 24093140000001145   1               00000000000000000173400237033970                         0900000000000000000000000000000000000000000000000000000   000000000000000000000018500        180192409314     
0010001300006U 060000000000000000000000000000000000000000000000000000000000000000000001734000000000001732150000000000000000000000000000001001201311012013            000000000000000                              000                           
0010001300007T 06002003000000028629X 24093140000001155   1               0000000000000000007245000108347X                         0900000000000000000000000000000000000000000000000000000   000000000000000000000018500        180192409314     
0010001300008U 060000000000000000000000000000000000000000000000000000000000000000000000724500000000000722650000000000000000000000000000001001201311012013            000000000000000                              000                           
0010001300009T 06002003000000028629X 24093140000001164   1               00000000000000000139050237007930                         0900000000000000000000000000000000000000000000000000000   000000000000000000000018500        180192409314     
0010001300010U 060000000000000000000000000000000000000000000000000000000000000000000001390500000000001388650000000000000000000000000000001001201311012013            000000000000000                              000                           
0010001300011T 06002003000000028629X 24093140000001165   1               00000000000000000030450104000410                         0900000000000000000000000000000000000000000000000000000   000000000000000000000018500        180192409314     
0010001300012U 060000000000000000000000000000000000000000000000000000000000000000000000304500000000000302650000000000000000000000000000001001201311012013            000000000000000                              000                           
0010001300013T 06002003000000028629X 24093140000001296   1               00000000000000000188450001016810                         0900000000000000000000000000000000000000000000000000000   000000000000000000000018500        180192409314     
0010001300014U 060000000000000000000000000000000000000000000000000000000000000000000001884500000000001882650000000000000000000000000000001001201311012013            000000000000000                              000                           
00100015         000016000000000000000000000000000000000000000000000000000000000000000000000000000000000000000000000000000000000000000000000000000                                                                                              
00199999         000001000018000000                                                                                                                                                            00000000000000000000000000000                    
