00100000         2093389990001580024093140014       002003000000028629X SHOW PRESTADORA DE SERVICOS DOBANCO DO BRASIL                         22805201301405600047103000000504290680PROCESSAMEN                                                 
00100011T0100020 20093389990001580024093140014       002003000000028629X SHOW PRESTADORA DE SERVICOS DO                                                                                000000002805201300000000  000000000                      
0010001300001T 06002003000000028629X 24093140000002198   1               00000000000000001209450001011436                         0900000000000000000000000000000000000000000000000000000   0000000000000000000000185          180192409314     
0010001300002U 060000000000000000000000000000000000000000000000000000000000000000000012094500000000012092650000000000000000000000000000002805201329052013            000000000000000                              000                           
0010001300003T 06002003000000028629X 24093140000002229   1               00000000000000000006900748022010                         0900000000000000000000000000000000000000000000000000000   0000000000000000000000185          180192409314     
0010001300004U 060000000000000000000000000000000000000000000000000000000000000000000000069000000000000067150000000000000000000000000000002805201329052013            000000000000000                              000                           
00100015         000006000000000000000000000000000000000000000000000000000000000000000000000000000000000000000000000000000000000000000000000000000                                                                                              
00199999         000001000008000000                                                                                                                                                            00000000000000000000000000000                    
