00100000         2093389990001580024093140014       002003000000028629X SHOW PRESTADORA DE SERVICOS DOBANCO DO BRASIL                         22307201302090100054803000000504290680PROCESSAMEN                                                 
00100011T0100020 20093389990001580024093140014       002003000000028629X SHOW PRESTADORA DE SERVICOS DO                                                                                000000002307201300000000  000000000                      
0010001300001T 06002003000000028629X 24093140000002017   1               00000000000000000008709001014494                         0900000000000000000000000000000000000000000000000000000   000000000000000000000053000        180192409314     
0010001300002U 060000000000000000000000000000000000000000000000000000000000000000000000087090000000000081790000000000000000000000000000002307201324072013            000000000000000                              000                           
0010001300003T 06002003000000028629X 24093140000002223   1               00000000000000000008189001014494                         0900000000000000000000000000000000000000000000000000000   000000000000000000000053000        180192409314     
0010001300004U 060000000000000000000000000000000000000000000000000000000000000000000000081890000000000076590000000000000000000000000000002307201324072013            000000000000000                              000                           
0010001300005T 06002003000000028629X 24093140000003467   1               00000000000000000007652001014494                         0900000000000000000000000000000000000000000000000000000   000000000000000000000053000        180192409314     
0010001300006U 060000000000000000000000000000000000000000000000000000000000000000000000076520000000000071220000000000000000000000000000002307201324072013            000000000000000                              000                           
0010001300007T 06002003000000028629X 24093140000005811   1               00000000000000000013000237034110                         0900000000000000000000000000000000000000000000000000000   000000000000000000000053000        180192409314     
0010001300008U 060000000000000000000000000000000000000000000000000000000000000000000000130000000000000124700000000000000000000000000000002307201324072013            000000000000000                              000                           
0010001300009T 06002003000000028629X 24093140000006173   1               00000000000000000010350104048230                         0900000000000000000000000000000000000000000000000000000   000000000000000000000053000        180192409314     
0010001300010U 060000000000000000000000000000000000000000000000000000000000000000000000103500000000000098200000000000000000000000000000002307201324072013            000000000000000                              000                           
0010001300011T 06002003000000028629X 24093140000006192   1               00000000000000000007132001014494                         0900000000000000000000000000000000000000000000000000000   000000000000000000000053000        180192409314     
0010001300012U 060000000000000000000000000000000000000000000000000000000000000000000000071320000000000066020000000000000000000000000000002307201324072013            000000000000000                              000                           
00100015         000014000000000000000000000000000000000000000000000000000000000000000000000000000000000000000000000000000000000000000000000000000                                                                                              
00199999         000001000016000000                                                                                                                                                            00000000000000000000000000000                    
