00100000         2093389990001580024093140014       002003000000028629X SHOW PRESTADORA DE SERVICOS DOBANCO DO BRASIL                         21910201201422800017703000000504290680PROCESSAMEN                                                 
00100011T0100020 20093389990001580024093140014       002003000000028629X SHOW PRESTADORA DE SERVICOS DO                                                                                000000001910201200000000  000000000                      
0010001300001T 06002003000000028629X 24093140000000542   1               00000000000000000035496237020090                         0900000000000000000000000000000000000000000000000000000   000000000000000000000024000        180192409314     
0010001300002U 060000000000000000000000000000000000000000000000000000000000000000000000354960000000000352560000000000000000000000000000001910201222102012            000000000000000                              000                           
0010001300003T 06002003000000028629X 24093140000000713   1               00000000000000000080550237010380                         0900000000000000000000000000000000000000000000000000000   000000000000000000000024000        180192409314     
0010001300004U 060000000000000000000000000000000000000000000000000000000000000000000000805500000000000803100000000000000000000000000000001910201222102012            000000000000000                              000                           
0010001300005T 06002003000000028629X 24093140000000766   1               00000000000000000015800104007350                         0900000000000000000000000000000000000000000000000000000   000000000000000000000024000        180192409314     
0010001300006U 060000000000000000000000000000000000000000000000000000000000000000000000158000000000000155600000000000000000000000000000001910201222102012            000000000000000                              000                           
00100015         000008000000000000000000000000000000000000000000000000000000000000000000000000000000000000000000000000000000000000000000000000000                                                                                              
00199999         000001000010000000                                                                                                                                                            00000000000000000000000000000                    
