00100000         2093389990001580024093140014       002003000000028629X SHOW PRESTADORA DE SERVICOS DOBANCO DO BRASIL                         20603201301454900035803000000504290680PROCESSAMEN                                                 
00100011T0100020 20093389990001580024093140014       002003000000028629X SHOW PRESTADORA DE SERVICOS DO                                                                                000000000603201300000000  000000000                      
0010001300001T 06002003000000028629X 24093140000001324   1               0000000000000000003185300102547X                         0900000000000000000000000000000000000000000000000000000   000000000000000000000018500        180192409314     
0010001300002U 060000000000000000000000000000000000000000000000000000000000000000000000318530000000000316680000000000000000000000000000000603201307032013            000000000000000                              000                           
0010001300003T 06002003000000028629X 24093140000001707   1               00000000000000000048000001012688                         0900000000000000000000000000000000000000000000000000000   000000000000000000000018500        180192409314     
0010001300004U 060000000000000000000000000000000000000000000000000000000000000000000000480000000000000478150000000000000000000000000000000603201307032013            000000000000000                              000                           
00100015         000006000000000000000000000000000000000000000000000000000000000000000000000000000000000000000000000000000000000000000000000000000                                                                                              
00199999         000001000008000000                                                                                                                                                            00000000000000000000000000000                    
