00100000         2093389990001580024093140014       002003000000028629X SHOW PRESTADORA DE SERVICOS DOBANCO DO BRASIL                         22612201203092100026603000000504290680PROCESSAMEN                                                 
00100011T0100020 20093389990001580024093140014       002003000000028629X SHOW PRESTADORA DE SERVICOS DO                                                                                000000002612201200000000  000000000                      
0010001300001T 06002003000000028629X 24093140000000984   1               00000000000000000089999237021080                         0900000000000000000000000000000000000000000000000000000   000000000000000000000018500        180192409314     
0010001300002U 060000000000000000000000000000000000000000000000000000000000000000000000899990000000000898140000000000000000000000000000002612201227122012            000000000000000                              000                           
0010001300003T 06002003000000028629X 24093140000000985   1               00000000000000000019500104000410                         0900000000000000000000000000000000000000000000000000000   000000000000000000000018500        180192409314     
0010001300004U 060000000000000000000000000000000000000000000000000000000000000000000000195000000000000193150000000000000000000000000000002612201227122012            000000000000000                              000                           
0010001300005T 06002003000000028629X 24093140000000991   1               00000000000000000064000104027580                         0900000000000000000000000000000000000000000000000000000   000000000000000000000018500        180192409314     
0010001300006U 060000000000000000000000000000000000000000000000000000000000000000000000640000000000000638150000000000000000000000000000002612201227122012            000000000000000                              000                           
0010001300007T 06002003000000028629X 24093140000001013   1               00000000000000000050750001016349                         0900000000000000000000000000000000000000000000000000000   000000000000000000000018500        180192409314     
0010001300008U 060000000000000000000000000000000000000000000000000000000000000000000000507500000000000505650000000000000000000000000000002612201227122012            000000000000000                              000                           
0010001300009T 06002003000000028629X 24093140000001060   1               00000000000000000107450001048445                         0900000000000000000000000000000000000000000000000000000   000000000000000000000018500        180192409314     
0010001300010U 060000000000000000000000000000000000000000000000000000000000000000000001074500000000001072650000000000000000000000000000002612201227122012            000000000000000                              000                           
00100015         000012000000000000000000000000000000000000000000000000000000000000000000000000000000000000000000000000000000000000000000000000000                                                                                              
00199999         000001000014000000                                                                                                                                                            00000000000000000000000000000                    
