00100000         2093389990001580024093140014       002003000000028629X SHOW PRESTADORA DE SERVICOS DOBANCO DO BRASIL                         20711201201453500020103000000504290680PROCESSAMEN                                                 
00100011T0100020 20093389990001580024093140014       002003000000028629X SHOW PRESTADORA DE SERVICOS DO                                                                                000000000711201200000000  000000000                      
0010001300001T 06002003000000028629X 24093140000000603   1               00000000000000000173604001043613                         0900000000000000000000000000000000000000000000000000000   000000000000000000000024000        180192409314     
0010001300002U 060000000000000000000000000000000000000000000000000000000000000000000001736040000000001733640000000000000000000000000000000711201208112012            000000000000000                              000                           
0010001300003T 06002003000000028629X 24093140000000708   1               00000000000000000136170001043613                         0900000000000000000000000000000000000000000000000000000   000000000000000000000024000        180192409314     
0010001300004U 060000000000000000000000000000000000000000000000000000000000000000000001361700000000001359300000000000000000000000000000000711201208112012            000000000000000                              000                           
0010001300005T 06002003000000028629X 24093140000000709   1               00000000000000000163404001043613                         0900000000000000000000000000000000000000000000000000000   000000000000000000000024000        180192409314     
0010001300006U 060000000000000000000000000000000000000000000000000000000000000000000001634040000000001631640000000000000000000000000000000711201208112012            000000000000000                              000                           
0010001300007T 06002003000000028629X 24093140000000726   1               00000000000000000070026001043613                         0900000000000000000000000000000000000000000000000000000   000000000000000000000024000        180192409314     
0010001300008U 060000000000000000000000000000000000000000000000000000000000000000000000700260000000000697860000000000000000000000000000000711201208112012            000000000000000                              000                           
00100015         000010000000000000000000000000000000000000000000000000000000000000000000000000000000000000000000000000000000000000000000000000000                                                                                              
00199999         000001000012000000                                                                                                                                                            00000000000000000000000000000                    
