00100000         2093389990001580024093140014       002003000000028629X SHOW PRESTADORA DE SERVICOS DOBANCO DO BRASIL                         22408201201332400010303000000504290680PROCESSAMEN                                                 
00100011T0100020 20093389990001580024093140014       002003000000028629X SHOW PRESTADORA DE SERVICOS DO                                                                                000000002408201200000000  000000000                      
0010001300001T 06002003000000028629X 24093140000000549   1               00000000000000000007450001031658                         0900000000000000000000000000000000000000000000000000000   000000000000000000000024000        180192409314     
0010001300002U 060000000000000000000000000000000000000000000000000000000000000000000000074500000000000072100000000000000000000000000000002408201227082012            000000000000000                              000                           
0010001300003T 06002003000000028629X 24093140000000556   1               00000000000000000087450001031658                         0900000000000000000000000000000000000000000000000000000   000000000000000000000024000        180192409314     
0010001300004U 060000000000000000000000000000000000000000000000000000000000000000000000874500000000000872100000000000000000000000000000002408201227082012            000000000000000                              000                           
0010001300005T 06002003000000028629X 24093140000000557   1               00000000000000000104450001020354                         0900000000000000000000000000000000000000000000000000000   000000000000000000000024000        180192409314     
0010001300006U 060000000000000000000000000000000000000000000000000000000000000000000001044500000000001042100000000000000000000000000000002408201227082012            000000000000000                              000                           
00100015         000008000000000000000000000000000000000000000000000000000000000000000000000000000000000000000000000000000000000000000000000000000                                                                                              
00199999         000001000010000000                                                                                                                                                            00000000000000000000000000000                    
