00100000         2093389990001580024093140014       002003000000028629X SHOW PRESTADORA DE SERVICOS DOBANCO DO BRASIL                         23004201301464900043303000000504290680PROCESSAMEN                                                 
00100011T0100020 20093389990001580024093140014       002003000000028629X SHOW PRESTADORA DE SERVICOS DO                                                                                000000003004201300000000  000000000                      
0010001300001T 06002003000000028629X 24093140000001709   1               00000000000000000022950104019110                         0900000000000000000000000000000000000000000000000000000   000000000000000000000018500        180192409314     
0010001300002U 060000000000000000000000000000000000000000000000000000000000000000000000229500000000000227650000000000000000000000000000003004201302052013            000000000000000                              000                           
0010001300003T 06002003000000028629X 24093140000001926   1               00000000000000000008000748022010                         0900000000000000000000000000000000000000000000000000000   000000000000000000000018500        180192409314     
0010001300004U 060000000000000000000000000000000000000000000000000000000000000000000000080000000000000078150000000000000000000000000000003004201302052013            000000000000000                              000                           
0010001300005T 06002003000000028629X 24093140000001929   1               00000000000000000035450237015630                         0900000000000000000000000000000000000000000000000000000   000000000000000000000018500        180192409314     
0010001300006U 060000000000000000000000000000000000000000000000000000000000000000000000354500000000000352650000000000000000000000000000003004201302052013            000000000000000                              000                           
0010001300007T 06002003000000028629X 24093140000001930   1               00000000000000000276450001007595                         0900000000000000000000000000000000000000000000000000000   000000000000000000000018500        180192409314     
0010001300008U 060000000000000000000000000000000000000000000000000000000000000000000002764500000000002762650000000000000000000000000000003004201302052013            000000000000000                              000                           
0010001300009T 06002003000000028629X 24093140000001939   1               00000000000000000026450237024720                         0900000000000000000000000000000000000000000000000000000   000000000000000000000018500        180192409314     
0010001300010U 060000000000000000000000000000000000000000000000000000000000000000000000264500000000000262650000000000000000000000000000003004201302052013            000000000000000                              000                           
0010001300011T 06002003000000028629X 24093140000001943   1               00000000000000000056450237011020                         0900000000000000000000000000000000000000000000000000000   000000000000000000000018500        180192409314     
0010001300012U 060000000000000000000000000000000000000000000000000000000000000000000000564500000000000562650000000000000000000000000000003004201302052013            000000000000000                              000                           
0010001300013T 06002003000000028629X 24093140000001959   1               00000000000000000084950341003720                         0900000000000000000000000000000000000000000000000000000   000000000000000000000018500        180192409314     
0010001300014U 060000000000000000000000000000000000000000000000000000000000000000000000849500000000000847650000000000000000000000000000003004201302052013            000000000000000                              000                           
0010001300015T 06002003000000028629X 24093140000001972   1               00000000000000000091450237010610                         0900000000000000000000000000000000000000000000000000000   000000000000000000000018500        180192409314     
0010001300016U 060000000000000000000000000000000000000000000000000000000000000000000000914500000000000912650000000000000000000000000000003004201302052013            000000000000000                              000                           
0010001300017T 06002003000000028629X 24093140000001980   1               00000000000000000039450237024720                         0900000000000000000000000000000000000000000000000000000   000000000000000000000018500        180192409314     
0010001300018U 060000000000000000000000000000000000000000000000000000000000000000000000394500000000000392650000000000000000000000000000003004201302052013            000000000000000                              000                           
0010001300019T 06002003000000028629X 24093140000002022   1               00000000000000000007500104019110                         0900000000000000000000000000000000000000000000000000000   000000000000000000000018500        180192409314     
0010001300020U 060000000000000000000000000000000000000000000000000000000000000000000000075000000000000073150000000000000000000000000000003004201302052013            000000000000000                              000                           
0010001300021T 06002003000000028629X 24093140000002999   1               00000000000000000045000121000010                         0900000000000000000000000000000000000000000000000000000   000000000000000000000018500        180192409314     
0010001300022U 060000000000000000000000000000000000000000000000000000000000000000000000450000000000000448150000000000000000000000000000003004201302052013            000000000000000                              000                           
00100015         000024000000000000000000000000000000000000000000000000000000000000000000000000000000000000000000000000000000000000000000000000000                                                                                              
00199999         000001000026000000                                                                                                                                                            00000000000000000000000000000                    
