00100000         2093389990001580024093140014       002003000000028629X SHOW PRESTADORA DE SERVICOS DOBANCO DO BRASIL                         23108201201303900011303000000504290680PROCESSAMEN                                                 
00100011T0100020 20093389990001580024093140014       002003000000028629X SHOW PRESTADORA DE SERVICOS DO                                                                                000000003108201200000000  000000000                      
0010001300001T 06002003000000028629X 24093140000000529   1               00000000000000000013450237024720                         0900000000000000000000000000000000000000000000000000000   000000000000000000000024000        180192409314     
0010001300002U 060000000000000000000000000000000000000000000000000000000000000000000000134500000000000132100000000000000000000000000000003108201203092012            000000000000000                              000                           
0010001300003T 06002003000000028629X 24093140000000530   1               00000000000000000058950237021050                         0900000000000000000000000000000000000000000000000000000   000000000000000000000024000        180192409314     
0010001300004U 060000000000000000000000000000000000000000000000000000000000000000000000589500000000000587100000000000000000000000000000003108201203092012            000000000000000                              000                           
0010001300005T 06002003000000028629X 24093140000000532   1               00000000000000000013450237024720                         0900000000000000000000000000000000000000000000000000000   000000000000000000000024000        180192409314     
0010001300006U 060000000000000000000000000000000000000000000000000000000000000000000000134500000000000132100000000000000000000000000000003108201203092012            000000000000000                              000                           
0010001300007T 06002003000000028629X 24093140000000537   1               00000000000000000009900001002003                         0900000000000000000000000000000000000000000000000000000   000000000000000000000024000        180192409314     
0010001300008U 060000000000002010000000000000000000000000000000000000000000000000000000101010000000000098610000000000000000000000000000003108201203092012            000000000000000                              000                           
00100015         000010000000000000000000000000000000000000000000000000000000000000000000000000000000000000000000000000000000000000000000000000000                                                                                              
00199999         000001000012000000                                                                                                                                                            00000000000000000000000000000                    
