00100000         2093389990001580024093140014       002003000000028629X SHOW PRESTADORA DE SERVICOS DOBANCO DO BRASIL                         22405201301372100046703000000504290680PROCESSAMEN                                                 
00100011T0100020 20093389990001580024093140014       002003000000028629X SHOW PRESTADORA DE SERVICOS DO                                                                                000000002405201300000000  000000000                      
0010001300001T 06002003000000028629X 24093140000002161   1               00000000000000000179250001020354                         0900000000000000000000000000000000000000000000000000000   000000000000000000000018500        180192409314     
0010001300002U 060000000000000000000000000000000000000000000000000000000000000000000001792500000000001790650000000000000000000000000000002405201327052013            000000000000000                              000                           
0010001300003T 06002003000000028629X 24093140000002214   1               00000000000000000010350001002003                         0900000000000000000000000000000000000000000000000000000   000000000000000000000018500        180192409314     
0010001300004U 060000000000002070000000000000000000000000000000000000000000000000000000106610000000000104760000000000000000000000000001042405201327052013            000000000000000                              000                           
0010001300005T 06002003000000028629X 24093140000003039   1               00000000000000000016450399017610                         0900000000000000000000000000000000000000000000000000000   000000000000000000000018500        180192409314     
0010001300006U 060000000000000000000000000000000000000000000000000000000000000000000000164500000000000162650000000000000000000000000000002405201327052013            000000000000000                              000                           
00100015         000008000000000000000000000000000000000000000000000000000000000000000000000000000000000000000000000000000000000000000000000000000                                                                                              
00199999         000001000010000000                                                                                                                                                            00000000000000000000000000000                    
