00100000         2093389990001580024093140014       002003000000028629X SHOW PRESTADORA DE SERVICOS DOBANCO DO BRASIL                         20406201301460700047903000000504290680PROCESSAMEN                                                 
00100011T0100020 20093389990001580024093140014       002003000000028629X SHOW PRESTADORA DE SERVICOS DO                                                                                000000000406201300000000  000000000                      
0010001300001T 06002003000000028629X 24093140000002159   1               00000000000000000198795001031658                         0900000000000000000000000000000000000000000000000000000   0000000000000000000000185          180192409314     
0010001300002U 060000000000000000000000000000000000000000000000000000000000000000000001987950000000001986100000000000000000000000000000000406201305062013            000000000000000                              000                           
0010001300003T 06002003000000028629X 24093140000003381   1               00000000000000000016000237020070                         0900000000000000000000000000000000000000000000000000000   0000000000000000000000185          180192409314     
0010001300004U 060000000000000000000000000000000000000000000000000000000000000000000000160000000000000158150000000000000000000000000000000406201305062013            000000000000000                              000                           
00100015         000006000000000000000000000000000000000000000000000000000000000000000000000000000000000000000000000000000000000000000000000000000                                                                                              
00199999         000001000008000000                                                                                                                                                            00000000000000000000000000000                    
