00100000         2093389990001580024093140014       002003000000028629X SHOW PRESTADORA DE SERVICOS DOBANCO DO BRASIL                         21207201301360400053403000000504290680PROCESSAMEN                                                 
00100011T0100020 20093389990001580024093140014       002003000000028629X SHOW PRESTADORA DE SERVICOS DO                                                                                000000001207201300000000  000000000                      
0010001300001T 06002003000000028629X 24093140000000007   1               00000000000000000001450104000420                         0900000000000000000000000000000000000000000000000000000   000000000000000000000053000        180192409314     
0010001300002U 060000000000000000000000000000000000000000000000000000000000000000000000014500000000000009200000000000000000000000000000001207201315072013            000000000000000                              000                           
0010001300003T 06002003000000028629X 24093140000002222   1               0000000000000000002421400102256X                         0900000000000000000000000000000000000000000000000000000   000000000000000000000053000        180192409314     
0010001300004U 060000000000000000000000000000000000000000000000000000000000000000000000242140000000000236840000000000000000000000000000001207201315072013            000000000000000                              000                           
0010001300005T 06002003000000028629X 24093140000003383   1               00000000000000000030515001001511                         0900000000000000000000000000000000000000000000000000000   000000000000000000000053000        180192409314     
0010001300006U 060000000000006200000000000000000000000000000000000000000000000000000000311350000000000306050000000000000000000000000000001207201315072013            000000000000000                              000                           
0010001300007T 06002003000000028629X 24093140000003466   1               0000000000000000003848200102256X                         0900000000000000000000000000000000000000000000000000000   000000000000000000000053000        180192409314     
0010001300008U 060000000000000000000000000000000000000000000000000000000000000000000000384820000000000379520000000000000000000000000000001207201315072013            000000000000000                              000                           
00100015         000010000000000000000000000000000000000000000000000000000000000000000000000000000000000000000000000000000000000000000000000000000                                                                                              
00199999         000001000012000000                                                                                                                                                            00000000000000000000000000000                    
