00100000         2093389990001580024093140014       002003000000028629X SHOW PRESTADORA DE SERVICOS DOBANCO DO BRASIL                         22006201301382300050203000000504290680PROCESSAMEN                                                 
00100011T0100020 20093389990001580024093140014       002003000000028629X SHOW PRESTADORA DE SERVICOS DO                                                                                000000002006201300000000  000000000                      
0010001300001T 06002003000000028629X 24093140000001989   1               00000000000000000039000341003010                         0900000000000000000000000000000000000000000000000000000   000000000000000000000018500        180192409314     
0010001300002U 060000000000000000000000000000000000000000000000000000000000000000000000390000000000000388150000000000000000000000000000002006201321062013            000000000000000                              000                           
0010001300003T 06002003000000028629X 24093140000003040   1               00000000000000000024450399017610                         0900000000000000000000000000000000000000000000000000000   000000000000000000000018500        180192409314     
0010001300004U 060000000000000000000000000000000000000000000000000000000000000000000000244500000000000242650000000000000000000000000000002006201321062013            000000000000000                              000                           
0010001300005T 06002003000000028629X 24093140000003390   1               00000000000000000059500001043613                         0900000000000000000000000000000000000000000000000000000   000000000000000000000018500        180192409314     
0010001300006U 060000000000000000000000000000000000000000000000000000000000000000000000595000000000000593150000000000000000000000000000002006201321062013            000000000000000                              000                           
0010001300007T 06002003000000028629X 24093140000003392   1               00000000000000000153000001043613                         0900000000000000000000000000000000000000000000000000000   000000000000000000000018500        180192409314     
0010001300008U 060000000000000000000000000000000000000000000000000000000000000000000001530000000000001528150000000000000000000000000000002006201321062013            000000000000000                              000                           
0010001300009T 06002003000000028629X 24093140000003396   1               00000000000000000030150237020090                         0900000000000000000000000000000000000000000000000000000   000000000000000000000018500        180192409314     
0010001300010U 060000000000000000000000000000000000000000000000000000000000000000000000301500000000000299650000000000000000000000000000002006201321062013            000000000000000                              000                           
0010001300011T 06002003000000028629X 24093140000003397   1               00000000000000000047850237004930                         0900000000000000000000000000000000000000000000000000000   000000000000000000000018500        180192409314     
0010001300012U 060000000000000000000000000000000000000000000000000000000000000000000000478500000000000476650000000000000000000000000000002006201321062013            000000000000000                              000                           
0010001300013T 06002003000000028629X 24093140000003403   1               00000000000000000065568001043613                         0900000000000000000000000000000000000000000000000000000   000000000000000000000018500        180192409314     
0010001300014U 060000000000000000000000000000000000000000000000000000000000000000000000655680000000000653830000000000000000000000000000002006201321062013            000000000000000                              000                           
0010001300015T 06002003000000028629X 24093140000003415   1               00000000000000000059650001043621                         0900000000000000000000000000000000000000000000000000000   000000000000000000000018500        180192409314     
0010001300016U 060000000000000000000000000000000000000000000000000000000000000000000000596500000000000594650000000000000000000000000000002006201321062013            000000000000000                              000                           
0010001300017T 06002003000000028629X 24093140000003418   1               00000000000000000395900104007290                         0900000000000000000000000000000000000000000000000000000   000000000000000000000018500        180192409314     
0010001300018U 060000000000000000000000000000000000000000000000000000000000000000000003959000000000003957150000000000000000000000000000002006201321062013            000000000000000                              000                           
0010001300019T 06002003000000028629X 24093140000003419   1               00000000000000000010350001012343                         0900000000000000000000000000000000000000000000000000000   000000000000000000000018500        180192409314     
0010001300020U 060000000000000000000000000000000000000000000000000000000000000000000000103500000000000101650000000000000000000000000000002006201321062013            000000000000000                              000                           
0010001300021T 06002003000000028629X 24093140000003422   1               00000000000000000019950104007290                         0900000000000000000000000000000000000000000000000000000   000000000000000000000018500        180192409314     
0010001300022U 060000000000000000000000000000000000000000000000000000000000000000000000199500000000000197650000000000000000000000000000002006201321062013            000000000000000                              000                           
0010001300023T 06002003000000028629X 24093140000003442   1               00000000000000000011500237034110                         0900000000000000000000000000000000000000000000000000000   000000000000000000000018500        180192409314     
0010001300024U 060000000000000000000000000000000000000000000000000000000000000000000000115000000000000113150000000000000000000000000000002006201321062013            000000000000000                              000                           
0010001300025T 06002003000000028629X 24093140000003445   1               00000000000000000028050033030900                         0900000000000000000000000000000000000000000000000000000   000000000000000000000018500        180192409314     
0010001300026U 060000000000000000000000000000000000000000000000000000000000000000000000280500000000000278650000000000000000000000000000002006201321062013            000000000000000                              000                           
0010001300027T 06002003000000028629X 24093140000003447   1               00000000000000000114000237006390                         0900000000000000000000000000000000000000000000000000000   000000000000000000000018500        180192409314     
0010001300028U 060000000000000000000000000000000000000000000000000000000000000000000001140000000000001138150000000000000000000000000000002006201321062013            000000000000000                              000                           
0010001300029T 06002003000000028629X 24093140000003463   1               00000000000000000007950104000420                         0900000000000000000000000000000000000000000000000000000   000000000000000000000018500        180192409314     
0010001300030U 060000000000000000000000000000000000000000000000000000000000000000000000079500000000000077650000000000000000000000000000002006201321062013            000000000000000                              000                           
0010001300031T 06002003000000028629X 24093140000003469   1               00000000000000000008000001002003                         0900000000000000000000000000000000000000000000000000000   000000000000000000000018500        180192409314     
0010001300032U 060000000000000000000000000000000000000000000000000000000000000000000000080000000000000078150000000000000000000000000000002006201321062013            000000000000000                              000                           
0010001300033T 06002003000000028629X 24093140000003470   1               00000000000000000029700001031658                         0900000000000000000000000000000000000000000000000000000   000000000000000000000018500        180192409314     
0010001300034U 060000000000000000000000000000000000000000000000000000000000000000000000297000000000000295150000000000000000000000000000002006201321062013            000000000000000                              000                           
0010001300035T 06002003000000028629X 24093140000004060   1               00000000000000000106250001043613                         0900000000000000000000000000000000000000000000000000000   000000000000000000000018500        180192409314     
0010001300036U 060000000000000000000000000000000000000000000000000000000000000000000001062500000000001060650000000000000000000000000000002006201321062013            000000000000000                              000                           
0010001300037T 06002003000000028629X 24093140000004634   1               00000000000000000035000748022010                         0900000000000000000000000000000000000000000000000000000   000000000000000000000018500        180192409314     
0010001300038U 060000000000000000000000000000000000000000000000000000000000000000000000350000000000000348150000000000000000000000000000002006201321062013            000000000000000                              000                           
0010001300039T 06002003000000028629X 24093140000006093   1               00000000000000000106350237033970                         0900000000000000000000000000000000000000000000000000000   000000000000000000000018500        180192409314     
0010001300040U 060000000000000000000000000000000000000000000000000000000000000000000001063500000000001061650000000000000000000000000000002006201321062013            000000000000000                              000                           
00100015         000042000000000000000000000000000000000000000000000000000000000000000000000000000000000000000000000000000000000000000000000000000                                                                                              
00199999         000001000044000000                                                                                                                                                            00000000000000000000000000000                    
