00100000         2093389990001580024093140014       002003000000028629X SHOW PRESTADORA DE SERVICOS DOBANCO DO BRASIL                         21502201302114300033203000000504290680PROCESSAMEN                                                 
00100011T0100020 20093389990001580024093140014       002003000000028629X SHOW PRESTADORA DE SERVICOS DO                                                                                000000001502201300000000  000000000                      
0010001300001T 06002003000000028629X 24093140000001211   1               00000000000000000008075001031658                         0900000000000000000000000000000000000000000000000000000   000000000000000000000018500        180192409314     
0010001300002U 060000000000000000000000000000000000000000000000000000000000000000000000080750000000000078900000000000000000000000000000001502201318022013            000000000000000                              000                           
0010001300003T 06002003000000028629X 24093140000001230   1               00000000000000000059650001043621                         0900000000000000000000000000000000000000000000000000000   000000000000000000000018500        180192409314     
0010001300004U 060000000000000000000000000000000000000000000000000000000000000000000000596500000000000594650000000000000000000000000000001502201318022013            000000000000000                              000                           
0010001300005T 06002003000000028629X 24093140000001327   1               00000000000000000014250001083607                         0900000000000000000000000000000000000000000000000000000   000000000000000000000018500        180192409314     
0010001300006U 060000000000004700000000000000000000000000000000000000000000000000000000147200000000000145350000000000000000000000000000001502201318022013            000000000000000                              000                           
0010001300007T 06002003000000028629X 24093140000001468   1               00000000000000000015450104019140                         0900000000000000000000000000000000000000000000000000000   000000000000000000000018500        180192409314     
0010001300008U 060000000000000000000000000000000000000000000000000000000000000000000000154500000000000152650000000000000000000000000000001502201318022013            000000000000000                              000                           
0010001300009T 06002003000000028629X 24093140000001486   1               00000000000000000093450341003720                         0900000000000000000000000000000000000000000000000000000   000000000000000000000018500        180192409314     
0010001300010U 060000000000000000000000000000000000000000000000000000000000000000000000934500000000000932650000000000000000000000000000001502201318022013            000000000000000                              000                           
0010001300011T 06002003000000028629X 24093140000001499   1               00000000000000000024150001002003                         0900000000000000000000000000000000000000000000000000000   000000000000000000000018500        180192409314     
0010001300012U 060000000000005230000000000000000000000000000000000000000000000000000000246730000000000244880000000000000000000000000000001502201318022013            000000000000000                              000                           
00100015         000014000000000000000000000000000000000000000000000000000000000000000000000000000000000000000000000000000000000000000000000000000                                                                                              
00199999         000001000016000000                                                                                                                                                            00000000000000000000000000000                    
