00100000         2093389990001580024093140014       002003000000028629X SHOW PRESTADORA DE SERVICOS DOBANCO DO BRASIL                         21008201201464600008503000000504290680PROCESSAMEN                                                 
00100011T0100020 20093389990001580024093140014       002003000000028629X SHOW PRESTADORA DE SERVICOS DO                                                                                000000001008201200000000  000000000                      
0010001300001T 06002003000000028629X 24093140000000381   1               00000000000000000099450001043621                         0900000000000000000000000000000000000000000000000000000   000000000000000000000024000        180192409314     
0010001300002U 060000000000000000000000000000000000000000000000000000000000000000000000994500000000000992100000000000000000000000000000001008201213082012            000000000000000                              000                           
0010001300003T 06002003000000028629X 24093140000000383   1               00000000000000000198450237030550                         0900000000000000000000000000000000000000000000000000000   000000000000000000000024000        180192409314     
0010001300004U 060000000000000000000000000000000000000000000000000000000000000000000001984500000000001982100000000000000000000000000000001008201213082012            000000000000000                              000                           
0010001300005T 06002003000000028629X 24093140000000386   1               00000000000000000090450237030550                         0900000000000000000000000000000000000000000000000000000   000000000000000000000024000        180192409314     
0010001300006U 060000000000000000000000000000000000000000000000000000000000000000000000904500000000000902100000000000000000000000000000001008201213082012            000000000000000                              000                           
0010001300007T 06002003000000028629X 24093140000000387   1               00000000000000000024150001002003                         0900000000000000000000000000000000000000000000000000000   000000000000000000000024000        180192409314     
0010001300008U 060000000000000000000000000000000000000000000000000000000000000000000000241500000000000239100000000000000000000000000000001008201213082012            000000000000000                              000                           
0010001300009T 06002003000000028629X 24093140000000390   1               00000000000000000176450237017290                         0900000000000000000000000000000000000000000000000000000   000000000000000000000024000        180192409314     
0010001300010U 060000000000000000000000000000000000000000000000000000000000000000000001764500000000001762100000000000000000000000000000001008201213082012            000000000000000                              000                           
0010001300011T 06002003000000028629X 24093140000000392   1               00000000000000000134750001016810                         0900000000000000000000000000000000000000000000000000000   000000000000000000000024000        180192409314     
0010001300012U 060000000000000000000000000000000000000000000000000000000000000000000001347500000000001345100000000000000000000000000000001008201213082012            000000000000000                              000                           
0010001300013T 06002003000000028629X 24093140000000450   1               00000000000000000098350001042870                         0900000000000000000000000000000000000000000000000000000   000000000000000000000024000        180192409314     
0010001300014U 060000000000000000000000000000000000000000000000000000000000000000000000983500000000000981100000000000000000000000000000001008201213082012            000000000000000                              000                           
00100015         000016000000000000000000000000000000000000000000000000000000000000000000000000000000000000000000000000000000000000000000000000000                                                                                              
00199999         000001000018000000                                                                                                                                                            00000000000000000000000000000                    
