00100000         2093389990001580024093140014       002003000000028629X SHOW PRESTADORA DE SERVICOS DOBANCO DO BRASIL                         22003201301455800037803000000504290680PROCESSAMEN                                                 
00100011T0100020 20093389990001580024093140014       002003000000028629X SHOW PRESTADORA DE SERVICOS DO                                                                                000000002003201300000000  000000000                      
0010001300001T 06002003000000028629X 24093140000001596   1               00000000000000000091450001032778                         0900000000000000000000000000000000000000000000000000000   000000000000000000000018500        180192409314     
0010001300002U 060000000000000000000000000000000000000000000000000000000000000000000000914500000000000912650000000000000000000000000000002003201321032013            000000000000000                              000                           
0010001300003T 06002003000000028629X 24093140000001600   1               00000000000000000056450237011020                         0900000000000000000000000000000000000000000000000000000   000000000000000000000018500        180192409314     
0010001300004U 060000000000000000000000000000000000000000000000000000000000000000000000564500000000000562650000000000000000000000000000002003201321032013            000000000000000                              000                           
0010001300005T 06002003000000028629X 24093140000001613   1               00000000000000000139050104000380                         0900000000000000000000000000000000000000000000000000000   000000000000000000000018500        180192409314     
0010001300006U 060000000000000000000000000000000000000000000000000000000000000000000001390500000000001388650000000000000000000000000000002003201321032013            000000000000000                              000                           
0010001300007T 06002003000000028629X 24093140000001623   1               00000000000000000047850001043621                         0900000000000000000000000000000000000000000000000000000   000000000000000000000018500        180192409314     
0010001300008U 060000000000000000000000000000000000000000000000000000000000000000000000478500000000000476650000000000000000000000000000002003201321032013            000000000000000                              000                           
0010001300009T 06002003000000028629X 24093140000001629   1               00000000000000000007450001031658                         0900000000000000000000000000000000000000000000000000000   000000000000000000000018500        180192409314     
0010001300010U 060000000000000000000000000000000000000000000000000000000000000000000000074500000000000072650000000000000000000000000000002003201321032013            000000000000000                              000                           
0010001300011T 06002003000000028629X 24093140000001637   1               00000000000000000027450748022160                         0900000000000000000000000000000000000000000000000000000   000000000000000000000018500        180192409314     
0010001300012U 060000000000000000000000000000000000000000000000000000000000000000000000274500000000000272650000000000000000000000000000002003201321032013            000000000000000                              000                           
0010001300013T 06002003000000028629X 24093140000001638   1               00000000000000000018450001007595                         0900000000000000000000000000000000000000000000000000000   000000000000000000000018500        180192409314     
0010001300014U 060000000000000000000000000000000000000000000000000000000000000000000000184500000000000182650000000000000000000000000000002003201321032013            000000000000000                              000                           
0010001300015T 06002003000000028629X 24093140000001645   1               00000000000000000059650001043621                         0900000000000000000000000000000000000000000000000000000   000000000000000000000018500        180192409314     
0010001300016U 060000000000000000000000000000000000000000000000000000000000000000000000596500000000000594650000000000000000000000000000002003201321032013            000000000000000                              000                           
0010001300017T 06002003000000028629X 24093140000001646   1               00000000000000000015250004000090                         0900000000000000000000000000000000000000000000000000000   000000000000000000000018500        180192409314     
0010001300018U 060000000000000000000000000000000000000000000000000000000000000000000000152500000000000150650000000000000000000000000000002003201321032013            000000000000000                              000                           
0010001300019T 06002003000000028629X 24093140000001652   1               00000000000000000019950104007290                         0900000000000000000000000000000000000000000000000000000   000000000000000000000018500        180192409314     
0010001300020U 060000000000000000000000000000000000000000000000000000000000000000000000199500000000000197650000000000000000000000000000002003201321032013            000000000000000                              000                           
0010001300021T 06002003000000028629X 24093140000001660   1               00000000000000000263150001043621                         0900000000000000000000000000000000000000000000000000000   000000000000000000000018500        180192409314     
0010001300022U 060000000000000000000000000000000000000000000000000000000000000000000002631500000000002629650000000000000000000000000000002003201321032013            000000000000000                              000                           
0010001300023T 06002003000000028629X 24093140000001661   1               0000000000000000001155000100099X                         0900000000000000000000000000000000000000000000000000000   000000000000000000000018500        180192409314     
0010001300024U 060000000000000000000000000000000000000000000000000000000000000000000000115500000000000113650000000000000000000000000000002003201321032013            000000000000000                              000                           
0010001300025T 06002003000000028629X 24093140000001662   1               00000000000000000055950104000400                         0900000000000000000000000000000000000000000000000000000   000000000000000000000018500        180192409314     
0010001300026U 060000000000000000000000000000000000000000000000000000000000000000000000559500000000000557650000000000000000000000000000002003201321032013            000000000000000                              000                           
0010001300027T 06002003000000028629X 24093140000001666   1               00000000000000000015800104007350                         0900000000000000000000000000000000000000000000000000000   000000000000000000000018500        180192409314     
0010001300028U 060000000000000000000000000000000000000000000000000000000000000000000000158000000000000156150000000000000000000000000000002003201321032013            000000000000000                              000                           
0010001300029T 06002003000000028629X 24093140000001672   1               00000000000000000019500237034110                         0900000000000000000000000000000000000000000000000000000   000000000000000000000018500        180192409314     
0010001300030U 060000000000000000000000000000000000000000000000000000000000000000000000195000000000000193150000000000000000000000000000002003201321032013            000000000000000                              000                           
0010001300031T 06002003000000028629X 24093140000001674   1               00000000000000000028050033030900                         0900000000000000000000000000000000000000000000000000000   000000000000000000000018500        180192409314     
0010001300032U 060000000000000000000000000000000000000000000000000000000000000000000000280500000000000278650000000000000000000000000000002003201321032013            000000000000000                              000                           
0010001300033T 06002003000000028629X 24093140000001694   1               00000000000000000007950104000420                         0900000000000000000000000000000000000000000000000000000   000000000000000000000018500        180192409314     
0010001300034U 060000000000000000000000000000000000000000000000000000000000000000000000079500000000000077650000000000000000000000000000002003201321032013            000000000000000                              000                           
0010001300035T 06002003000000028629X 24093140000001695   1               00000000000000000054000104022210                         0900000000000000000000000000000000000000000000000000000   000000000000000000000018500        180192409314     
0010001300036U 060000000000000000000000000000000000000000000000000000000000000000000000540000000000000538150000000000000000000000000000002003201321032013            000000000000000                              000                           
0010001300037T 06002003000000028629X 24093140000001701   1               00000000000000000029700001031658                         0900000000000000000000000000000000000000000000000000000   000000000000000000000018500        180192409314     
0010001300038U 060000000000000000000000000000000000000000000000000000000000000000000000297000000000000295150000000000000000000000000000002003201321032013            000000000000000                              000                           
00100015         000040000000000000000000000000000000000000000000000000000000000000000000000000000000000000000000000000000000000000000000000000000                                                                                              
00199999         000001000042000000                                                                                                                                                            00000000000000000000000000000                    
