00100000         2093389990001580024093140014       002003000000028629X SHOW PRESTADORA DE SERVICOS DOBANCO DO BRASIL                         22012201201483700026003000000504290680PROCESSAMEN                                                 
00100011T0100020 20093389990001580024093140014       002003000000028629X SHOW PRESTADORA DE SERVICOS DO                                                                                000000002012201200000000  000000000                      
0010001300001T 06002003000000028629X 24093140000000951   1               00000000000000000139050104000380                         0900000000000000000000000000000000000000000000000000000   000000000000000000000018500        180192409314     
0010001300002U 060000000000000000000000000000000000000000000000000000000000000000000001390500000000001388650000000000000000000000000000002012201221122012            000000000000000                              000                           
0010001300003T 06002003000000028629X 24093140000000954   1               00000000000000000034450748022010                         0900000000000000000000000000000000000000000000000000000   000000000000000000000018500        180192409314     
0010001300004U 060000000000000000000000000000000000000000000000000000000000000000000000344500000000000342650000000000000000000000000000002012201221122012            000000000000000                              000                           
0010001300005T 06002003000000028629X 24093140000000963   1               00000000000000000096450237010610                         0900000000000000000000000000000000000000000000000000000   000000000000000000000018500        180192409314     
0010001300006U 060000000000000000000000000000000000000000000000000000000000000000000000964500000000000962650000000000000000000000000000002012201221122012            000000000000000                              000                           
0010001300007T 06002003000000028629X 24093140000000966   1               00000000000000000010350237017290                         0900000000000000000000000000000000000000000000000000000   000000000000000000000018500        180192409314     
0010001300008U 060000000000000000000000000000000000000000000000000000000000000000000000103500000000000101650000000000000000000000000000002012201221122012            000000000000000                              000                           
0010001300009T 06002003000000028629X 24093140000000974   1               00000000000000000047850001043621                         0900000000000000000000000000000000000000000000000000000   000000000000000000000018500        180192409314     
0010001300010U 060000000000000000000000000000000000000000000000000000000000000000000000478500000000000476650000000000000000000000000000002012201221122012            000000000000000                              000                           
0010001300011T 06002003000000028629X 24093140000000975   1               00000000000000000015800104007350                         0900000000000000000000000000000000000000000000000000000   000000000000000000000018500        180192409314     
0010001300012U 060000000000000000000000000000000000000000000000000000000000000000000000158000000000000156150000000000000000000000000000002012201221122012            000000000000000                              000                           
0010001300013T 06002003000000028629X 24093140000000979   1               00000000000000000019500237034110                         0900000000000000000000000000000000000000000000000000000   000000000000000000000018500        180192409314     
0010001300014U 060000000000000000000000000000000000000000000000000000000000000000000000195000000000000193150000000000000000000000000000002012201221122012            000000000000000                              000                           
0010001300015T 06002003000000028629X 24093140000000986   1               00000000000000000039000341003010                         0900000000000000000000000000000000000000000000000000000   000000000000000000000018500        180192409314     
0010001300016U 060000000000000000000000000000000000000000000000000000000000000000000000390000000000000388150000000000000000000000000000002012201221122012            000000000000000                              000                           
0010001300017T 06002003000000028629X 24093140000000989   1               00000000000000000007450001031658                         0900000000000000000000000000000000000000000000000000000   000000000000000000000018500        180192409314     
0010001300018U 060000000000000000000000000000000000000000000000000000000000000000000000074500000000000072650000000000000000000000000000002012201221122012            000000000000000                              000                           
0010001300019T 06002003000000028629X 24093140000000992   1               00000000000000000027450001007595                         0900000000000000000000000000000000000000000000000000000   000000000000000000000018500        180192409314     
0010001300020U 060000000000000000000000000000000000000000000000000000000000000000000000274500000000000272650000000000000000000000000000002012201221122012            000000000000000                              000                           
0010001300021T 06002003000000028629X 24093140000000993   1               00000000000000000018450004000530                         0900000000000000000000000000000000000000000000000000000   000000000000000000000018500        180192409314     
0010001300022U 060000000000000000000000000000000000000000000000000000000000000000000000184500000000000182650000000000000000000000000000002012201221122012            000000000000000                              000                           
0010001300023T 06002003000000028629X 24093140000000999   1               00000000000000000056450237011020                         0900000000000000000000000000000000000000000000000000000   000000000000000000000018500        180192409314     
0010001300024U 060000000000000000000000000000000000000000000000000000000000000000000000564500000000000562650000000000000000000000000000002012201221122012            000000000000000                              000                           
0010001300025T 06002003000000028629X 24093140000001012   1               00000000000000000049950237021050                         0900000000000000000000000000000000000000000000000000000   000000000000000000000018500        180192409314     
0010001300026U 060000000000000000000000000000000000000000000000000000000000000000000000499500000000000497650000000000000000000000000000002012201221122012            000000000000000                              000                           
0010001300027T 06002003000000028629X 24093140000001014   1               00000000000000000127500001043613                         0900000000000000000000000000000000000000000000000000000   000000000000000000000018500        180192409314     
0010001300028U 060000000000000000000000000000000000000000000000000000000000000000000001275000000000001273150000000000000000000000000000002012201221122012            000000000000000                              000                           
0010001300029T 06002003000000028629X 24093140000001015   1               00000000000000000065568001043613                         0900000000000000000000000000000000000000000000000000000   000000000000000000000018500        180192409314     
0010001300030U 060000000000000000000000000000000000000000000000000000000000000000000000655680000000000653830000000000000000000000000000002012201221122012            000000000000000                              000                           
0010001300031T 06002003000000028629X 24093140000001016   1               00000000000000000042500001043613                         0900000000000000000000000000000000000000000000000000000   000000000000000000000018500        180192409314     
0010001300032U 060000000000000000000000000000000000000000000000000000000000000000000000425000000000000423150000000000000000000000000000002012201221122012            000000000000000                              000                           
0010001300033T 06002003000000028629X 24093140000001017   1               00000000000000000153000001043613                         0900000000000000000000000000000000000000000000000000000   000000000000000000000018500        180192409314     
0010001300034U 060000000000000000000000000000000000000000000000000000000000000000000001530000000000001528150000000000000000000000000000002012201221122012            000000000000000                              000                           
0010001300035T 06002003000000028629X 24093140000001076   1               00000000000000000059650001043621                         0900000000000000000000000000000000000000000000000000000   000000000000000000000018500        180192409314     
0010001300036U 060000000000000000000000000000000000000000000000000000000000000000000000596500000000000594650000000000000000000000000000002012201221122012            000000000000000                              000                           
0010001300037T 06002003000000028629X 24093140000001077   1               00000000000000000015250001043621                         0900000000000000000000000000000000000000000000000000000   000000000000000000000018500        180192409314     
0010001300038U 060000000000000000000000000000000000000000000000000000000000000000000000152500000000000150650000000000000000000000000000002012201221122012            000000000000000                              000                           
0010001300039T 06002003000000028629X 24093140000001079   1               00000000000000000495000104007290                         0900000000000000000000000000000000000000000000000000000   000000000000000000000018500        180192409314     
0010001300040U 060000000000000000000000000000000000000000000000000000000000000000000004950000000000004948150000000000000000000000000000002012201221122012            000000000000000                              000                           
0010001300041T 06002003000000028629X 24093140000001093   1               00000000000000000274250001043621                         0900000000000000000000000000000000000000000000000000000   000000000000000000000018500        180192409314     
0010001300042U 060000000000000000000000000000000000000000000000000000000000000000000002742500000000002740650000000000000000000000000000002012201221122012            000000000000000                              000                           
0010001300043T 06002003000000028629X 24093140000001094   1               00000000000000000044850104000400                         0900000000000000000000000000000000000000000000000000000   000000000000000000000018500        180192409314     
0010001300044U 060000000000000000000000000000000000000000000000000000000000000000000000448500000000000446650000000000000000000000000000002012201221122012            000000000000000                              000                           
0010001300045T 06002003000000028629X 24093140000001129   1               0000000000000000001155000100099X                         0900000000000000000000000000000000000000000000000000000   000000000000000000000018500        180192409314     
0010001300046U 060000000000000000000000000000000000000000000000000000000000000000000000115500000000000113650000000000000000000000000000002012201221122012            000000000000000                              000                           
00100015         000048000000000000000000000000000000000000000000000000000000000000000000000000000000000000000000000000000000000000000000000000000                                                                                              
00199999         000001000050000000                                                                                                                                                            00000000000000000000000000000                    
