00100000         2093389990001580024093140014       002003000000028629X SHOW PRESTADORA DE SERVICOS DOBANCO DO BRASIL                         22108201301451600059003000000504290680PROCESSAMEN                                                 
00100011T0100020 20093389990001580024093140014       002003000000028629X SHOW PRESTADORA DE SERVICOS DO                                                                                000000002108201300000000  000000000                      
0010001300001T 06002003000000028629X 24093140000005708   1               00000000000000000008631104032420                         0900000000000000000000000000000000000000000000000000000   000000000000000000000026500        180192409314     
0010001300002U 060000000000000000000000000000000000000000000000000000000000000000000000086310000000000083660000000000000000000000000000002108201322082013            000000000000000                              000                           
0010001300003T 06002003000000028629X 24093140000005779   1               00000000000000000028050001001597                         0900000000000000000000000000000000000000000000000000000   000000000000000000000026500        180192409314     
0010001300004U 060000000000005700000000000000000000000000000000000000000000000000000000286200000000000283550000000000000000000000000000002108201322082013            000000000000000                              000                           
00100015         000006000000000000000000000000000000000000000000000000000000000000000000000000000000000000000000000000000000000000000000000000000                                                                                              
00199999         000001000008000000                                                                                                                                                            00000000000000000000000000000                    
