00100000         2093389990001580024093140014       002003000000028629X SHOW PRESTADORA DE SERVICOS DOBANCO DO BRASIL                         22603201301280300038603000000504290680PROCESSAMEN                                                 
00100011T0100020 20093389990001580024093140014       002003000000028629X SHOW PRESTADORA DE SERVICOS DO                                                                                000000002603201300000000  000000000                      
0010001300001T 06002003000000028629X 24093140000001631   1               00000000000000000123450001031658                         0900000000000000000000000000000000000000000000000000000   000000000000000000000018500        180192409314     
0010001300002U 060000000000025100000000000000000000000000000000000000000000000000000001259600000000001257750000000000000000000000000000002603201327032013            000000000000000                              000                           
0010001300003T 06002003000000028629X 24093140000001702   1               00000000000000000011200001016365                         0900000000000000000000000000000000000000000000000000000   000000000000000000000018500        180192409314     
0010001300004U 060000000000000000000000000000000000000000000000000000000000000000000000112000000000000110150000000000000000000000000000002603201327032013            000000000000000                              000                           
0010001300005T 06002003000000028629X 24093140000001715   1               00000000000000000056450237028910                         0900000000000000000000000000000000000000000000000000000   000000000000000000000018500        180192409314     
0010001300006U 060000000000000000000000000000000000000000000000000000000000000000000000564500000000000562650000000000000000000000000000002603201327032013            000000000000000                              000                           
00100015         000008000000000000000000000000000000000000000000000000000000000000000000000000000000000000000000000000000000000000000000000000000                                                                                              
00199999         000001000010000000                                                                                                                                                            00000000000000000000000000000                    
