00100000         2093389990001580024093140014       002003000000028629X SHOW PRESTADORA DE SERVICOS DOBANCO DO BRASIL                         23007201202515200006703000000504290680PROCESSAMEN                                                 
00100011T0100020 20093389990001580024093140014       002003000000028629X SHOW PRESTADORA DE SERVICOS DO                                                                                000000003007201200000000  000000000                      
0010001300001T 06002003000000028629X 24093140000000195   1               00000000000000000020450237015630                         0900000000000000000000000000000000000000000000000000000   000000000000000000000024000        180192409314     
0010001300002U 060000000000000000000000000000000000000000000000000000000000000000000000204500000000000202100000000000000000000000000000003007201231072012            000000000000000                              000                           
0010001300003T 06002003000000028629X 24093140000000196   1               00000000000000000246450001007595                         0900000000000000000000000000000000000000000000000000000   000000000000000000000024000        180192409314     
0010001300004U 060000000000000000000000000000000000000000000000000000000000000000000002464500000000002462100000000000000000000000000000003007201231072012            000000000000000                              000                           
0010001300005T 06002003000000028629X 24093140000000211   1               00000000000000000013450237024720                         0900000000000000000000000000000000000000000000000000000   000000000000000000000024000        180192409314     
0010001300006U 060000000000000000000000000000000000000000000000000000000000000000000000134500000000000132100000000000000000000000000000003007201231072012            000000000000000                              000                           
0010001300007T 06002003000000028629X 24093140000000216   1               00000000000000000288000001043621                         0900000000000000000000000000000000000000000000000000000   000000000000000000000024000        180192409314     
0010001300008U 060000000000000000000000000000000000000000000000000000000000000000000002880000000000002877600000000000000000000000000000003007201231072012            000000000000000                              000                           
0010001300009T 06002003000000028629X 24093140000000235   1               00000000000000000058950341003720                         0900000000000000000000000000000000000000000000000000000   000000000000000000000024000        180192409314     
0010001300010U 060000000000000000000000000000000000000000000000000000000000000000000000589500000000000587100000000000000000000000000000003007201231072012            000000000000000                              000                           
0010001300011T 06002003000000028629X 24093140000000236   1               00000000000000000008450001022756                         0900000000000000000000000000000000000000000000000000000   000000000000000000000024000        180192409314     
0010001300012U 060000000000000000000000000000000000000000000000000000000000000000000000084500000000000082100000000000000000000000000000003007201231072012            000000000000000                              000                           
0010001300013T 06002003000000028629X 24093140000000237   1               00000000000000000040050237032050                         0900000000000000000000000000000000000000000000000000000   000000000000000000000024000        180192409314     
0010001300014U 060000000000000000000000000000000000000000000000000000000000000000000000400500000000000398100000000000000000000000000000003007201231072012            000000000000000                              000                           
0010001300015T 06002003000000028629X 24093140000000254   1               00000000000000000013450237032240                         0900000000000000000000000000000000000000000000000000000   000000000000000000000024000        180192409314     
0010001300016U 060000000000000000000000000000000000000000000000000000000000000000000000134500000000000132100000000000000000000000000000003007201231072012            000000000000000                              000                           
0010001300017T 06002003000000028629X 24093140000000264   1               00000000000000000149450237021080                         0900000000000000000000000000000000000000000000000000000   000000000000000000000024000        180192409314     
0010001300018U 060000000000000000000000000000000000000000000000000000000000000000000001494500000000001492100000000000000000000000000000003007201231072012            000000000000000                              000                           
0010001300019T 06002003000000028629X 24093140000000384   1               00000000000000000008800001005274                         0900000000000000000000000000000000000000000000000000000   000000000000000000000024000        180192409314     
0010001300020U 060000000000000000000000000000000000000000000000000000000000000000000000088000000000000085600000000000000000000000000000003007201231072012            000000000000000                              000                           
00100015         000022000000000000000000000000000000000000000000000000000000000000000000000000000000000000000000000000000000000000000000000000000                                                                                              
00199999         000001000024000000                                                                                                                                                            00000000000000000000000000000                    
