00100000         2093389990001580024093140014       002003000000028629X SHOW PRESTADORA DE SERVICOS DOBANCO DO BRASIL                         22504201301442100042703000000504290680PROCESSAMEN                                                 
00100011T0100020 20093389990001580024093140014       002003000000028629X SHOW PRESTADORA DE SERVICOS DO                                                                                000000002504201300000000  000000000                      
0010001300001T 06002003000000028629X 24093140000001947   1               00000000000000000089999237021080                         0900000000000000000000000000000000000000000000000000000   000000000000000000000018500        180192409314     
0010001300002U 060000000000000000000000000000000000000000000000000000000000000000000000899990000000000898140000000000000000000000000000002504201326042013            000000000000000                              000                           
0010001300003T 06002003000000028629X 24093140000001950   1               00000000000000000159450237011040                         0900000000000000000000000000000000000000000000000000000   000000000000000000000018500        180192409314     
0010001300004U 060000000000000000000000000000000000000000000000000000000000000000000001594500000000001592650000000000000000000000000000002504201326042013            000000000000000                              000                           
0010001300005T 06002003000000028629X 24093140000001952   1               00000000000000000136450001020354                         0900000000000000000000000000000000000000000000000000000   000000000000000000000018500        180192409314     
0010001300006U 060000000000000000000000000000000000000000000000000000000000000000000001364500000000001362650000000000000000000000000000002504201326042013            000000000000000                              000                           
0010001300007T 06002003000000028629X 24093140000001960   1               00000000000000000008450004001720                         0900000000000000000000000000000000000000000000000000000   000000000000000000000018500        180192409314     
0010001300008U 060000000000000000000000000000000000000000000000000000000000000000000000084500000000000082650000000000000000000000000000002504201326042013            000000000000000                              000                           
0010001300009T 06002003000000028629X 24093140000002016   1               0000000000000000002115000102256X                         0900000000000000000000000000000000000000000000000000000   000000000000000000000018500        180192409314     
0010001300010U 060000000000000000000000000000000000000000000000000000000000000000000000211500000000000209650000000000000000000000000000002504201326042013            000000000000000                              000                           
0010001300011T 06002003000000028629X 24093140000002018   1               00000000000000000015450237021140                         0900000000000000000000000000000000000000000000000000000   000000000000000000000018500        180192409314     
0010001300012U 060000000000000000000000000000000000000000000000000000000000000000000000154500000000000152650000000000000000000000000000002504201326042013            000000000000000                              000                           
0010001300013T 06002003000000028629X 24093140000002997   1               00000000000000000062950004002260                         0900000000000000000000000000000000000000000000000000000   000000000000000000000018500        180192409314     
0010001300014U 060000000000000000000000000000000000000000000000000000000000000000000000629500000000000627650000000000000000000000000000002504201326042013            000000000000000                              000                           
00100015         000016000000000000000000000000000000000000000000000000000000000000000000000000000000000000000000000000000000000000000000000000000                                                                                              
00199999         000001000018000000                                                                                                                                                            00000000000000000000000000000                    
