00100000         2093389990001580024093140014       002003000000028629X SHOW PRESTADORA DE SERVICOS DOBANCO DO BRASIL                         22911201201394700023003000000504290680PROCESSAMEN                                                 
00100011T0100020 20093389990001580024093140014       002003000000028629X SHOW PRESTADORA DE SERVICOS DO                                                                                000000002911201200000000  000000000                      
0010001300001T 06002003000000028629X 24093140000000836   1               00000000000000000010786237017290                         0900000000000000000000000000000000000000000000000000000   000000000000000000000018500        180192409314     
0010001300002U 060000000000000000000000000000000000000000000000000000000000000000000000107860000000000106010000000000000000000000000000002911201230112012            000000000000000                              000                           
0010001300003T 06002003000000028629X 24093140000000922   1               00000000000000000296450001011436                         0900000000000000000000000000000000000000000000000000000   000000000000000000000018500        180192409314     
0010001300004U 060000000000000000000000000000000000000000000000000000000000000000000002964500000000002962650000000000000000000000000000002911201230112012            000000000000000                              000                           
0010001300005T 06002003000000028629X 24093140000000942   1               00000000000000000212450001011436                         0900000000000000000000000000000000000000000000000000000   000000000000000000000018500        180192409314     
0010001300006U 060000000000000000000000000000000000000000000000000000000000000000000002124500000000002122650000000000000000000000000000002911201230112012            000000000000000                              000                           
0010001300007T 06002003000000028629X 24093140000000943   1               00000000000000000546450001011436                         0900000000000000000000000000000000000000000000000000000   000000000000000000000018500        180192409314     
0010001300008U 060000000000000000000000000000000000000000000000000000000000000000000005464500000000005462650000000000000000000000000000002911201230112012            000000000000000                              000                           
00100015         000010000000000000000000000000000000000000000000000000000000000000000000000000000000000000000000000000000000000000000000000000000                                                                                              
00199999         000001000012000000                                                                                                                                                            00000000000000000000000000000                    
