00100000         2093389990001580024093140014       002003000000028629X SHOW PRESTADORA DE SERVICOS DOBANCO DO BRASIL                         22908201301400600060203000000504290680PROCESSAMEN                                                 
00100011T0100020 20093389990001580024093140014       002003000000028629X SHOW PRESTADORA DE SERVICOS DO                                                                                000000002908201300000000  000000000                      
0010001300001T 06002003000000028629X 24093140000004396   1               00000000000000000007500104034880                         0900000000000000000000000000000000000000000000000000000   000000000000000000000026500        180192409314     
0010001300002U 060000000000000000000000000000000000000000000000000000000000000000000000075000000000000072350000000000000000000000000000002908201330082013            000000000000000                              000                           
0010001300003T 06002003000000028629X 24093140000005029   1               00000000000000000123500341003010                         0900000000000000000000000000000000000000000000000000000   000000000000000000000026500        180192409314     
0010001300004U 060000000000000000000000000000000000000000000000000000000000000000000001235000000000001232350000000000000000000000000000002908201330082013            000000000000000                              000                           
0010001300005T 06002003000000028629X 24093140000005030   1               00000000000000000133500341003010                         0900000000000000000000000000000000000000000000000000000   000000000000000000000026500        180192409314     
0010001300006U 060000000000000000000000000000000000000000000000000000000000000000000001335000000000001332350000000000000000000000000000002908201330082013            000000000000000                              000                           
0010001300007T 06002003000000028629X 24093140000005063   1               00000000000000000039000341003010                         0900000000000000000000000000000000000000000000000000000   000000000000000000000026500        180192409314     
0010001300008U 060000000000000000000000000000000000000000000000000000000000000000000000390000000000000387350000000000000000000000000000002908201330082013            000000000000000                              000                           
0010001300009T 06002003000000028629X 24093140000005064   1               00000000000000000039000341003010                         0900000000000000000000000000000000000000000000000000000   000000000000000000000026500        180192409314     
0010001300010U 060000000000000000000000000000000000000000000000000000000000000000000000390000000000000387350000000000000000000000000000002908201330082013            000000000000000                              000                           
0010001300011T 06002003000000028629X 24093140000005097   1               00000000000000000019500341003010                         0900000000000000000000000000000000000000000000000000000   000000000000000000000026500        180192409314     
0010001300012U 060000000000000000000000000000000000000000000000000000000000000000000000195000000000000192350000000000000000000000000000002908201330082013            000000000000000                              000                           
0010001300013T 06002003000000028629X 24093140000005098   1               00000000000000000019500341003010                         0900000000000000000000000000000000000000000000000000000   000000000000000000000026500        180192409314     
0010001300014U 060000000000000000000000000000000000000000000000000000000000000000000000195000000000000192350000000000000000000000000000002908201330082013            000000000000000                              000                           
0010001300015T 06002003000000028629X 24093140000006377   1               00000000000000000059500341086950                         0900000000000000000000000000000000000000000000000000000   000000000000000000000026500        180192409314     
0010001300016U 060000000000000000000000000000000000000000000000000000000000000000000000595000000000000592350000000000000000000000000000002908201330082013            000000000000000                              000                           
0010001300017T 06002003000000028629X 24093140000006378   1               00000000000000000106700341086950                         0900000000000000000000000000000000000000000000000000000   000000000000000000000026500        180192409314     
0010001300018U 060000000000000000000000000000000000000000000000000000000000000000000001067000000000001064350000000000000000000000000000002908201330082013            000000000000000                              000                           
0010001300019T 06002003000000028629X 24093140000006389   1               00000000000000000065568341086950                         0900000000000000000000000000000000000000000000000000000   000000000000000000000026500        180192409314     
0010001300020U 060000000000000000000000000000000000000000000000000000000000000000000000655680000000000653030000000000000000000000000000002908201330082013            000000000000000                              000                           
0010001300021T 06002003000000028629X 24093140000006422   1               00000000000000000170000001011436                         0900000000000000000000000000000000000000000000000000000   000000000000000000000026500        180192409314     
0010001300022U 060000000000000000000000000000000000000000000000000000000000000000000001700000000000001697350000000000000000000000000000002908201330082013            000000000000000                              000                           
0010001300023T 06002003000000028629X 24093140000006423   1               00000000000000003040000001011436                         0900000000000000000000000000000000000000000000000000000   000000000000000000000026500        180192409314     
0010001300024U 060000000000000000000000000000000000000000000000000000000000000000000030400000000000030397350000000000000000000000000000002908201330082013            000000000000000                              000                           
00100015         000026000000000000000000000000000000000000000000000000000000000000000000000000000000000000000000000000000000000000000000000000000                                                                                              
00199999         000001000028000000                                                                                                                                                            00000000000000000000000000000                    
