00100000         2093389990001580024093140014       002003000000028629X SHOW PRESTADORA DE SERVICOS DOBANCO DO BRASIL                         22112201201405500026203000000504290680PROCESSAMEN                                                 
00100011T0100020 20093389990001580024093140014       002003000000028629X SHOW PRESTADORA DE SERVICOS DO                                                                                000000002112201200000000  000000000                      
0010001300001T 06002003000000028629X 24093140000000706   1               00000000000000000018045001043915                         0900000000000000000000000000000000000000000000000000000   000000000000000000000018500        180192409314     
0010001300002U 060000000000000000000000000000000000000000000000000000000000000000000000180450000000000178600000000000000000000000000000002112201224122012            000000000000000                              000                           
0010001300003T 06002003000000028629X 24093140000000821   1               00000000000000000016035001043915                         0900000000000000000000000000000000000000000000000000000   000000000000000000000018500        180192409314     
0010001300004U 060000000000000000000000000000000000000000000000000000000000000000000000160350000000000158500000000000000000000000000000002112201224122012            000000000000000                              000                           
0010001300005T 06002003000000028629X 24093140000000964   1               00000000000000000010350001002003                         0900000000000000000000000000000000000000000000000000000   000000000000000000000018500        180192409314     
0010001300006U 060000000000002100000000000000000000000000000000000000000000000000000000105600000000000103750000000000000000000000000000002112201224122012            000000000000000                              000                           
00100015         000008000000000000000000000000000000000000000000000000000000000000000000000000000000000000000000000000000000000000000000000000000                                                                                              
00199999         000001000010000000                                                                                                                                                            00000000000000000000000000000                    
