00100000         2093389990001580024093140014       002003000000028629X SHOW PRESTADORA DE SERVICOS DOBANCO DO BRASIL                         21103201303115400036403000000504290680PROCESSAMEN                                                 
00100011T0100020 20093389990001580024093140014       002003000000028629X SHOW PRESTADORA DE SERVICOS DO                                                                                000000001103201300000000  000000000                      
0010001300001T 06002003000000028629X 24093140000001275   1               00000000000000000255250748022010                         0900000000000000000000000000000000000000000000000000000   000000000000000000000018500        180192409314     
0010001300002U 060000000000000000000000000000000000000000000000000000000000000000000002552500000000002550650000000000000000000000000000001103201312032013            000000000000000                              000                           
0010001300003T 06002003000000028629X 24093140000001597   1               00000000000000000129000001043621                         0900000000000000000000000000000000000000000000000000000   000000000000000000000018500        180192409314     
0010001300004U 060000000000000000000000000000000000000000000000000000000000000000000001290000000000001288150000000000000000000000000000001103201312032013            000000000000000                              000                           
0010001300005T 06002003000000028629X 24093140000001619   1               00000000000000000024150001002003                         0900000000000000000000000000000000000000000000000000000   000000000000000000000018500        180192409314     
0010001300006U 060000000000000000000000000000000000000000000000000000000000000000000000241500000000000239650000000000000000000000000000001103201312032013            000000000000000                              000                           
0010001300007T 06002003000000028629X 24093140000001626   1               00000000000000000168450001016810                         0900000000000000000000000000000000000000000000000000000   000000000000000000000018500        180192409314     
0010001300008U 060000000000000000000000000000000000000000000000000000000000000000000001684500000000001682650000000000000000000000000000001103201312032013            000000000000000                              000                           
0010001300009T 06002003000000028629X 24093140000001685   1               00000000000000000105000237021050                         0900000000000000000000000000000000000000000000000000000   000000000000000000000018500        180192409314     
0010001300010U 060000000000000000000000000000000000000000000000000000000000000000000001050000000000001048150000000000000000000000000000001103201312032013            000000000000000                              000                           
0010001300011T 06002003000000028629X 24093140000001686   1               00000000000000000026450001043621                         0900000000000000000000000000000000000000000000000000000   000000000000000000000018500        180192409314     
0010001300012U 060000000000000000000000000000000000000000000000000000000000000000000000264500000000000262650000000000000000000000000000001103201312032013            000000000000000                              000                           
0010001300013T 06002003000000028629X 24093140000001690   1               00000000000000000059850237033970                         0900000000000000000000000000000000000000000000000000000   000000000000000000000018500        180192409314     
0010001300014U 060000000000000000000000000000000000000000000000000000000000000000000000598500000000000596650000000000000000000000000000001103201312032013            000000000000000                              000                           
0010001300015T 06002003000000028629X 24093140000001691   1               00000000000000000030450104000410                         0900000000000000000000000000000000000000000000000000000   000000000000000000000018500        180192409314     
0010001300016U 060000000000000000000000000000000000000000000000000000000000000000000000304500000000000302650000000000000000000000000000001103201312032013            000000000000000                              000                           
00100015         000018000000000000000000000000000000000000000000000000000000000000000000000000000000000000000000000000000000000000000000000000000                                                                                              
00199999         000001000020000000                                                                                                                                                            00000000000000000000000000000                    
