00100000         2093389990001580024093140014       002003000000028629X SHOW PRESTADORA DE SERVICOS DOBANCO DO BRASIL                         21208201302505700057603000000504290680PROCESSAMEN                                                 
00100011T0100020 20093389990001580024093140014       002003000000028629X SHOW PRESTADORA DE SERVICOS DO                                                                                000000001208201300000000  000000000                      
0010001300001T 06002003000000028629X 24093140000002224   1               00000000000000000018910237021140                         0900000000000000000000000000000000000000000000000000000   000000000000000000000026500        180192409314     
0010001300002U 060000000000000000000000000000000000000000000000000000000000000000000000189100000000000186450000000000000000000000000000001208201313082013            000000000000000                              000                           
0010001300003T 06002003000000028629X 24093140000003468   1               00000000000000000017670237021140                         0900000000000000000000000000000000000000000000000000000   000000000000000000000026500        180192409314     
0010001300004U 060000000000000000000000000000000000000000000000000000000000000000000000176700000000000174050000000000000000000000000000001208201313082013            000000000000000                              000                           
0010001300005T 06002003000000028629X 24093140000003618   1               00000000000000000014250001083607                         0900000000000000000000000000000000000000000000000000000   000000000000000000000026500        180192409314     
0010001300006U 060000000000000000000000000000000000000000000000000000000000000000000000142500000000000139850000000000000000000000000000001208201313082013            000000000000000                              000                           
0010001300007T 06002003000000028629X 24093140000003654   1               00000000000000000024150001002003                         0900000000000000000000000000000000000000000000000000000   000000000000000000000026500        180192409314     
0010001300008U 060000000000000000000000000000000000000000000000000000000000000000000000241500000000000238850000000000000000000000000000001208201313082013            000000000000000                              000                           
0010001300009T 06002003000000028629X 24093140000003936   1               00000000000000000024450341003720                         0900000000000000000000000000000000000000000000000000000   000000000000000000000026500        180192409314     
0010001300010U 060000000000000000000000000000000000000000000000000000000000000000000000244500000000000241850000000000000000000000000000001208201313082013            000000000000000                              000                           
0010001300011T 06002003000000028629X 24093140000003941   1               00000000000000000040450399017610                         0900000000000000000000000000000000000000000000000000000   000000000000000000000026500        180192409314     
0010001300012U 060000000000000000000000000000000000000000000000000000000000000000000000404500000000000401850000000000000000000000000000001208201313082013            000000000000000                              000                           
0010001300013T 06002003000000028629X 24093140000004464   1               00000000000000000030450104000410                         0900000000000000000000000000000000000000000000000000000   000000000000000000000026500        180192409314     
0010001300014U 060000000000000000000000000000000000000000000000000000000000000000000000304500000000000301850000000000000000000000000000001208201313082013            000000000000000                              000                           
0010001300015T 06002003000000028629X 24093140000004500   1               00000000000000000059850237033970                         0900000000000000000000000000000000000000000000000000000   000000000000000000000026500        180192409314     
0010001300016U 060000000000000000000000000000000000000000000000000000000000000000000000598500000000000595850000000000000000000000000000001208201313082013            000000000000000                              000                           
0010001300017T 06002003000000028629X 24093140000005232   1               00000000000000000040783001016365                         0900000000000000000000000000000000000000000000000000000   000000000000000000000026500        180192409314     
0010001300018U 060000000000000000000000000000000000000000000000000000000000000000000000407830000000000405180000000000000000000000000000001208201313082013            000000000000000                              000                           
0010001300019T 06002003000000028629X 24093140000005878   1               00000000000000000270450341003720                         0900000000000000000000000000000000000000000000000000000   000000000000000000000026500        180192409314     
0010001300020U 060000000000000000000000000000000000000000000000000000000000000000000002704500000000002701850000000000000000000000000000001208201313082013            000000000000000                              000                           
0010001300021T 06002003000000028629X 24093140000005936   1               0000000000000000000812000108347X                         0900000000000000000000000000000000000000000000000000000   000000000000000000000026500        180192409314     
0010001300022U 060000000000002810000000000000000000000000000000000000000000000000000000084010000000000081360000000000000000000000000000001208201313082013            000000000000000                              000                           
0010001300023T 06002003000000028629X 24093140000006193   1               00000000000000000015450237021140                         0900000000000000000000000000000000000000000000000000000   000000000000000000000026500        180192409314     
0010001300024U 060000000000000000000000000000000000000000000000000000000000000000000000154500000000000151850000000000000000000000000000001208201313082013            000000000000000                              000                           
0010001300025T 06002003000000028629X 24093140000006385   1               00000000000000000166350001016810                         0900000000000000000000000000000000000000000000000000000   000000000000000000000026500        180192409314     
0010001300026U 060000000000000000000000000000000000000000000000000000000000000000000001663500000000001660850000000000000000000000000000001208201313082013            000000000000000                              000                           
0010001300027T 06002003000000028629X 24093140000006436   1               00000000000000000105000237021050                         0900000000000000000000000000000000000000000000000000000   000000000000000000000026500        180192409314     
0010001300028U 060000000000000000000000000000000000000000000000000000000000000000000001050000000000001047350000000000000000000000000000001208201313082013            000000000000000                              000                           
0010001300029T 06002003000000028629X 24093140000006468   1               00000000000000000009350033046570                         0900000000000000000000000000000000000000000000000000000   000000000000000000000026500        180192409314     
0010001300030U 060000000000000000000000000000000000000000000000000000000000000000000000093500000000000090850000000000000000000000000000001208201313082013            000000000000000                              000                           
0010001300031T 06002003000000028629X 24093140000006514   1               00000000000000000007450104034880                         0900000000000000000000000000000000000000000000000000000   000000000000000000000026500        180192409314     
0010001300032U 060000000000000000000000000000000000000000000000000000000000000000000000074500000000000071850000000000000000000000000000001208201313082013            000000000000000                              000                           
00100015         000034000000000000000000000000000000000000000000000000000000000000000000000000000000000000000000000000000000000000000000000000000                                                                                              
00199999         000001000036000000                                                                                                                                                            00000000000000000000000000000                    
