00100000         2093389990001580024093140014       002003000000028629X SHOW PRESTADORA DE SERVICOS DOBANCO DO BRASIL                         22102201301405000034003000000504290680PROCESSAMEN                                                 
00100011T0100020 20093389990001580024093140014       002003000000028629X SHOW PRESTADORA DE SERVICOS DO                                                                                000000002102201300000000  000000000                      
0010001300001T 06002003000000028629X 24093140000000873   1               00000000000000000104756001043613                         0900000000000000000000000000000000000000000000000000000   000000000000000000000018500        180192409314     
0010001300002U 060000000000000000000000000000000000000000000000000000000000000000000001047560000000001045710000000000000000000000000000002102201322022013            000000000000000                              000                           
0010001300003T 06002003000000028629X 24093140000001156   1               00000000000000000051550001043613                         0900000000000000000000000000000000000000000000000000000   000000000000000000000018500        180192409314     
0010001300004U 060000000000000000000000000000000000000000000000000000000000000000000000515500000000000513650000000000000000000000000000002102201322022013            000000000000000                              000                           
0010001300005T 06002003000000028629X 24093140000001157   1               00000000000000000185577001043613                         0900000000000000000000000000000000000000000000000000000   000000000000000000000018500        180192409314     
0010001300006U 060000000000000000000000000000000000000000000000000000000000000000000001855770000000001853920000000000000000000000000000002102201322022013            000000000000000                              000                           
0010001300007T 06002003000000028629X 24093140000001194   1               00000000000000000154647001043613                         0900000000000000000000000000000000000000000000000000000   000000000000000000000018500        180192409314     
0010001300008U 060000000000000000000000000000000000000000000000000000000000000000000001546470000000001544620000000000000000000000000000002102201322022013            000000000000000                              000                           
0010001300009T 06002003000000028629X 24093140000001212   1               00000000000000000079529001043613                         0900000000000000000000000000000000000000000000000000000   000000000000000000000018500        180192409314     
0010001300010U 060000000000000000000000000000000000000000000000000000000000000000000000795290000000000793440000000000000000000000000000002102201322022013            000000000000000                              000                           
0010001300011T 06002003000000028629X 24093140000001336   1               00000000000000000082366237010380                         0900000000000000000000000000000000000000000000000000000   000000000000000000000018500        180192409314     
0010001300012U 060000000000000000000000000000000000000000000000000000000000000000000000823660000000000821810000000000000000000000000000002102201322022013            000000000000000                              000                           
0010001300013T 06002003000000028629X 24093140000001498   1               00000000000000000187148001043613                         0900000000000000000000000000000000000000000000000000000   000000000000000000000018500        180192409314     
0010001300014U 060000000000000000000000000000000000000000000000000000000000000000000001871480000000001869630000000000000000000000000000002102201322022013            000000000000000                              000                           
00100015         000016000000000000000000000000000000000000000000000000000000000000000000000000000000000000000000000000000000000000000000000000000                                                                                              
00199999         000001000018000000                                                                                                                                                            00000000000000000000000000000                    
