00100000         2093389990001580024093140014       002003000000028629X SHOW PRESTADORA DE SERVICOS DOBANCO DO BRASIL                         21010201201545000016503000000504290680PROCESSAMEN                                                 
00100011T0100020 20093389990001580024093140014       002003000000028629X SHOW PRESTADORA DE SERVICOS DO                                                                                000000001010201200000000  000000000                      
0010001300001T 06002003000000028629X 24093140000000685   1               00000000000000000546450001011436                         0900000000000000000000000000000000000000000000000000000   000000000000000000000024000        180192409314     
0010001300002U 060000000000000000000000000000000000000000000000000000000000000000000005464500000000005462100000000000000000000000000000001010201211102012            000000000000000                              000                           
0010001300003T 06002003000000028629X 24093140000000690   1               00000000000000000264250237017290                         0900000000000000000000000000000000000000000000000000000   000000000000000000000024000        180192409314     
0010001300004U 060000000000000000000000000000000000000000000000000000000000000000000002642500000000002640100000000000000000000000000000001010201211102012            000000000000000                              000                           
0010001300005T 06002003000000028629X 24093140000000697   1               00000000000000000099450001043621                         0900000000000000000000000000000000000000000000000000000   000000000000000000000024000        180192409314     
0010001300006U 060000000000000000000000000000000000000000000000000000000000000000000000994500000000000992100000000000000000000000000000001010201211102012            000000000000000                              000                           
0010001300007T 06002003000000028629X 24093140000000700   1               00000000000000000099000001031658                         0900000000000000000000000000000000000000000000000000000   000000000000000000000024000        180192409314     
0010001300008U 060000000000000000000000000000000000000000000000000000000000000000000000990000000000000987600000000000000000000000000000001010201211102012            000000000000000                              000                           
0010001300009T 06002003000000028629X 24093140000000701   1               00000000000000000090450104010330                         0900000000000000000000000000000000000000000000000000000   000000000000000000000024000        180192409314     
0010001300010U 060000000000000000000000000000000000000000000000000000000000000000000000904500000000000902100000000000000000000000000000001010201211102012            000000000000000                              000                           
0010001300011T 06002003000000028629X 24093140000000719   1               00000000000000000188450001016810                         0900000000000000000000000000000000000000000000000000000   000000000000000000000024000        180192409314     
0010001300012U 060000000000000000000000000000000000000000000000000000000000000000000001884500000000001882100000000000000000000000000000001010201211102012            000000000000000                              000                           
0010001300013T 06002003000000028629X 24093140000000724   1               00000000000000000198450237030550                         0900000000000000000000000000000000000000000000000000000   000000000000000000000024000        180192409314     
0010001300014U 060000000000000000000000000000000000000000000000000000000000000000000001984500000000001982100000000000000000000000000000001010201211102012            000000000000000                              000                           
0010001300015T 06002003000000028629X 24093140000000746   1               00000000000000000098350341049940                         0900000000000000000000000000000000000000000000000000000   000000000000000000000024000        180192409314     
0010001300016U 060000000000000000000000000000000000000000000000000000000000000000000000983500000000000981100000000000000000000000000000001010201211102012            000000000000000                              000                           
00100015         000018000000000000000000000000000000000000000000000000000000000000000000000000000000000000000000000000000000000000000000000000000                                                                                              
00199999         000001000020000000                                                                                                                                                            00000000000000000000000000000                    
