00100000         2093389990001580024093140014       002003000000028629X SHOW PRESTADORA DE SERVICOS DOBANCO DO BRASIL                         22201201301390600030203000000504290680PROCESSAMEN                                                 
00100011T0100020 20093389990001580024093140014       002003000000028629X SHOW PRESTADORA DE SERVICOS DO                                                                                000000002201201300000000  000000000                      
0010001300001T 06002003000000028629X 24093140000000982   1               00000000000000000266458001007595                         0900000000000000000000000000000000000000000000000000000   000000000000000000000018500        180192409314     
0010001300002U 060000000000000000000000000000000000000000000000000000000000000000000002664580000000002662730000000000000000000000000000002201201323012013            000000000000000                              000                           
0010001300003T 06002003000000028629X 24093140000001169   1               00000000000000000010350001002003                         0900000000000000000000000000000000000000000000000000000   000000000000000000000018500        180192409314     
0010001300004U 060000000000002140000000000000000000000000000000000000000000000000000000105640000000000103790000000000000000000000000000002201201323012013            000000000000000                              000                           
0010001300005T 06002003000000028629X 24093140000001170   1               00000000000000000010350001000116                         0900000000000000000000000000000000000000000000000000000   000000000000000000000018500        180192409314     
0010001300006U 060000000000002140000000000000000000000000000000000000000000000000000000105640000000000103790000000000000000000000000000002201201323012013            000000000000000                              000                           
00100015         000008000000000000000000000000000000000000000000000000000000000000000000000000000000000000000000000000000000000000000000000000000                                                                                              
00199999         000001000010000000                                                                                                                                                            00000000000000000000000000000                    
