00100000         2093389990001580024093140014       002003000000028629X SHOW PRESTADORA DE SERVICOS DOBANCO DO BRASIL                         20506201301411200048103000000504290680PROCESSAMEN                                                 
00100011T0100020 20093389990001580024093140014       002003000000028629X SHOW PRESTADORA DE SERVICOS DO                                                                                000000000506201300000000  000000000                      
0010001300001T 06002003000000028629X 24093140000003032   1               00000000000000000646050001043621                         0900000000000000000000000000000000000000000000000000000   0000000000000000000000185          180192409314     
0010001300002U 060000000000000000000000000000000000000000000000000000000000000000000006460500000000006458650000000000000000000000000000000506201306062013            000000000000000                              000                           
0010001300003T 06002003000000028629X 24093140000003801   1               00000000000000000008650237038680                         0900000000000000000000000000000000000000000000000000000   0000000000000000000000185          180192409314     
0010001300004U 060000000000000000000000000000000000000000000000000000000000000000000000086500000000000084650000000000000000000000000000000506201306062013            000000000000000                              000                           
0010001300005T 06002003000000028629X 24093140000003803   1               00000000000000000039350033046570                         0900000000000000000000000000000000000000000000000000000   0000000000000000000000185          180192409314     
0010001300006U 060000000000000000000000000000000000000000000000000000000000000000000000393500000000000391650000000000000000000000000000000506201306062013            000000000000000                              000                           
0010001300007T 06002003000000028629X 24093140000003817   1               00000000000000000033450341089070                         0900000000000000000000000000000000000000000000000000000   0000000000000000000000185          180192409314     
0010001300008U 060000000000000000000000000000000000000000000000000000000000000000000000334500000000000332650000000000000000000000000000000506201306062013            000000000000000                              000                           
0010001300009T 06002003000000028629X 24093140000003938   1               00000000000000000017500001032042                         0900000000000000000000000000000000000000000000000000000   0000000000000000000000185          180192409314     
0010001300010U 060000000000000000000000000000000000000000000000000000000000000000000000175000000000000173150000000000000000000000000000000506201306062013            000000000000000                              000                           
0010001300011T 06002003000000028629X 24093140000004058   1               00000000000000000032000001043621                         0900000000000000000000000000000000000000000000000000000   0000000000000000000000185          180192409314     
0010001300012U 060000000000000000000000000000000000000000000000000000000000000000000000320000000000000318150000000000000000000000000000000506201306062013            000000000000000                              000                           
00100015         000014000000000000000000000000000000000000000000000000000000000000000000000000000000000000000000000000000000000000000000000000000                                                                                              
00199999         000001000016000000                                                                                                                                                            00000000000000000000000000000                    
