00100000         2093389990001580024093140014       002003000000028629X SHOW PRESTADORA DE SERVICOS DOBANCO DO BRASIL                         20808201301474300057203000000504290680PROCESSAMEN                                                 
00100011T0100020 20093389990001580024093140014       002003000000028629X SHOW PRESTADORA DE SERVICOS DO                                                                                000000000808201300000000  000000000                      
0010001300001T 06002003000000028629X 24093140000003570   1               00000000000000000108000001031658                         0900000000000000000000000000000000000000000000000000000   000000000000000000000026500        180192409314     
0010001300002U 060000000000000000000000000000000000000000000000000000000000000000000001080000000000001077350000000000000000000000000000000808201309082013            000000000000000                              000                           
0010001300003T 06002003000000028629X 24093140000004395   1               00000000000000000007560001031658                         0900000000000000000000000000000000000000000000000000000   000000000000000000000026500        180192409314     
0010001300004U 060000000000000000000000000000000000000000000000000000000000000000000000075600000000000072950000000000000000000000000000000808201309082013            000000000000000                              000                           
0010001300005T 06002003000000028629X 24093140000006107   1               00000000000000000238000104010100                         0900000000000000000000000000000000000000000000000000000   000000000000000000000026500        180192409314     
0010001300006U 060000000000000000000000000000000000000000000000000000000000000000000002380000000000002377350000000000000000000000000000000808201309082013            000000000000000                              000                           
00100015         000008000000000000000000000000000000000000000000000000000000000000000000000000000000000000000000000000000000000000000000000000000                                                                                              
00199999         000001000010000000                                                                                                                                                            00000000000000000000000000000                    
