00100000         2093389990001580024093140014       002003000000028629X SHOW PRESTADORA DE SERVICOS DOBANCO DO BRASIL                         22207201302531000054603000000504290680PROCESSAMEN                                                 
00100011T0100020 20093389990001580024093140014       002003000000028629X SHOW PRESTADORA DE SERVICOS DO                                                                                000000002207201300000000  000000000                      
0010001300001T 06002003000000028629X 24093140000003533   1               00000000000000000020250001083305                         0900000000000000000000000000000000000000000000000000000   000000000000000000000053000        180192409314     
0010001300002U 060000000000000000000000000000000000000000000000000000000000000000000000202500000000000197200000000000000000000000000000002207201323072013            000000000000000                              000                           
0010001300003T 06002003000000028629X 24093140000004062   1               00000000000000000161950748022010                         0900000000000000000000000000000000000000000000000000000   000000000000000000000053000        180192409314     
0010001300004U 060000000000000000000000000000000000000000000000000000000000000000000001619500000000001614200000000000000000000000000000002207201323072013            000000000000000                              000                           
0010001300005T 06002003000000028629X 24093140000004637   1               00000000000000000015000748022010                         0900000000000000000000000000000000000000000000000000000   000000000000000000000053000        180192409314     
0010001300006U 060000000000000000000000000000000000000000000000000000000000000000000000150000000000000144700000000000000000000000000000002207201323072013            000000000000000                              000                           
0010001300007T 06002003000000028629X 24093140000004886   1               00000000000000000010350237020070                         0900000000000000000000000000000000000000000000000000000   000000000000000000000053000        180192409314     
0010001300008U 060000000000000000000000000000000000000000000000000000000000000000000000103500000000000098200000000000000000000000000000002207201323072013            000000000000000                              000                           
0010001300009T 06002003000000028629X 24093140000004954   1               00000000000000000029700001031658                         0900000000000000000000000000000000000000000000000000000   000000000000000000000053000        180192409314     
0010001300010U 060000000000000000000000000000000000000000000000000000000000000000000000297000000000000291700000000000000000000000000000002207201323072013            000000000000000                              000                           
0010001300011T 06002003000000028629X 24093140000004960   1               0000000000000000007825000101088X                         0900000000000000000000000000000000000000000000000000000   000000000000000000000053000        180192409314     
0010001300012U 060000000000000000000000000000000000000000000000000000000000000000000000782500000000000777200000000000000000000000000000002207201323072013            000000000000000                              000                           
0010001300013T 06002003000000028629X 24093140000005303   1               0000000000000000001155000100099X                         0900000000000000000000000000000000000000000000000000000   000000000000000000000053000        180192409314     
0010001300014U 060000000000000000000000000000000000000000000000000000000000000000000000115500000000000110200000000000000000000000000000002207201323072013            000000000000000                              000                           
0010001300015T 06002003000000028629X 24093140000005337   1               00000000000000000015250004000090                         0900000000000000000000000000000000000000000000000000000   000000000000000000000053000        180192409314     
0010001300016U 060000000000000000000000000000000000000000000000000000000000000000000000152500000000000147200000000000000000000000000000002207201323072013            000000000000000                              000                           
0010001300017T 06002003000000028629X 24093140000005488   1               00000000000000000059650001043621                         0900000000000000000000000000000000000000000000000000000   000000000000000000000053000        180192409314     
0010001300018U 060000000000000000000000000000000000000000000000000000000000000000000000596500000000000591200000000000000000000000000000002207201323072013            000000000000000                              000                           
0010001300019T 06002003000000028629X 24093140000005639   1               00000000000000000263150001043621                         0900000000000000000000000000000000000000000000000000000   000000000000000000000053000        180192409314     
0010001300020U 060000000000000000000000000000000000000000000000000000000000000000000002631500000000002626200000000000000000000000000000002207201323072013            000000000000000                              000                           
0010001300021T 06002003000000028629X 24093140000005672   1               00000000000000000055950104000400                         0900000000000000000000000000000000000000000000000000000   000000000000000000000053000        180192409314     
0010001300022U 060000000000000000000000000000000000000000000000000000000000000000000000559500000000000554200000000000000000000000000000002207201323072013            000000000000000                              000                           
0010001300023T 06002003000000028629X 24093140000005778   1               00000000000000000028050237012850                         0900000000000000000000000000000000000000000000000000000   000000000000000000000053000        180192409314     
0010001300024U 060000000000000000000000000000000000000000000000000000000000000000000000280500000000000275200000000000000000000000000000002207201323072013            000000000000000                              000                           
0010001300025T 06002003000000028629X 24093140000006091   1               00000000000000000038000237011020                         0900000000000000000000000000000000000000000000000000000   000000000000000000000053000        180192409314     
0010001300026U 060000000000000000000000000000000000000000000000000000000000000000000000380000000000000374700000000000000000000000000000002207201323072013            000000000000000                              000                           
0010001300027T 06002003000000028629X 24093140000006104   1               00000000000000000153000001043613                         0900000000000000000000000000000000000000000000000000000   000000000000000000000053000        180192409314     
0010001300028U 060000000000000000000000000000000000000000000000000000000000000000000001530000000000001524700000000000000000000000000000002207201323072013            000000000000000                              000                           
0010001300029T 06002003000000028629X 24093140000006118   1               00000000000000000074500001043613                         0900000000000000000000000000000000000000000000000000000   000000000000000000000053000        180192409314     
0010001300030U 060000000000000000000000000000000000000000000000000000000000000000000000745000000000000739700000000000000000000000000000002207201323072013            000000000000000                              000                           
0010001300031T 06002003000000028629X 24093140000006119   1               00000000000000000106700001043613                         0900000000000000000000000000000000000000000000000000000   000000000000000000000053000        180192409314     
0010001300032U 060000000000000000000000000000000000000000000000000000000000000000000001067000000000001061700000000000000000000000000000002207201323072013            000000000000000                              000                           
0010001300033T 06002003000000028629X 24093140000006123   1               00000000000000000030150237020090                         0900000000000000000000000000000000000000000000000000000   000000000000000000000053000        180192409314     
0010001300034U 060000000000000000000000000000000000000000000000000000000000000000000000301500000000000296200000000000000000000000000000002207201323072013            000000000000000                              000                           
0010001300035T 06002003000000028629X 24093140000006124   1               00000000000000000047850341003740                         0900000000000000000000000000000000000000000000000000000   000000000000000000000053000        180192409314     
0010001300036U 060000000000000000000000000000000000000000000000000000000000000000000000478500000000000473200000000000000000000000000000002207201323072013            000000000000000                              000                           
0010001300037T 06002003000000028629X 24093140000006125   1               00000000000000000056450237011020                         0900000000000000000000000000000000000000000000000000000   000000000000000000000053000        180192409314     
0010001300038U 060000000000000000000000000000000000000000000000000000000000000000000000564500000000000559200000000000000000000000000000002207201323072013            000000000000000                              000                           
0010001300039T 06002003000000028629X 24093140000006127   1               00000000000000000048450001007595                         0900000000000000000000000000000000000000000000000000000   000000000000000000000053000        180192409314     
0010001300040U 060000000000000000000000000000000000000000000000000000000000000000000000484500000000000479200000000000000000000000000000002207201323072013            000000000000000                              000                           
0010001300041T 06002003000000028629X 24093140000006129   1               0000000000000000002845000108347X                         0900000000000000000000000000000000000000000000000000000   000000000000000000000053000        180192409314     
0010001300042U 060000000000000000000000000000000000000000000000000000000000000000000000284500000000000279200000000000000000000000000000002207201323072013            000000000000000                              000                           
0010001300043T 06002003000000028629X 24093140000006130   1               00000000000000000065568001043613                         0900000000000000000000000000000000000000000000000000000   000000000000000000000053000        180192409314     
0010001300044U 060000000000000000000000000000000000000000000000000000000000000000000000655680000000000650380000000000000000000000000000002207201323072013            000000000000000                              000                           
0010001300045T 06002003000000028629X 24093140000006141   1               00000000000000000003700001043621                         0900000000000000000000000000000000000000000000000000000   000000000000000000000053000        180192409314     
0010001300046U 060000000000000000000000000000000000000000000000000000000000000000000000037000000000000031700000000000000000000000000000002207201323072013            000000000000000                              000                           
0010001300047T 06002003000000028629X 24093140000006145   1               00000000000000000395900104007290                         0900000000000000000000000000000000000000000000000000000   000000000000000000000053000        180192409314     
0010001300048U 060000000000000000000000000000000000000000000000000000000000000000000003959000000000003953700000000000000000000000000000002207201323072013            000000000000000                              000                           
0010001300049T 06002003000000028629X 24093140000006146   1               00000000000000000010350001012343                         0900000000000000000000000000000000000000000000000000000   000000000000000000000053000        180192409314     
0010001300050U 060000000000000000000000000000000000000000000000000000000000000000000000103500000000000098200000000000000000000000000000002207201323072013            000000000000000                              000                           
0010001300051T 06002003000000028629X 24093140000006149   1               00000000000000000019950104007290                         0900000000000000000000000000000000000000000000000000000   000000000000000000000053000        180192409314     
0010001300052U 060000000000000000000000000000000000000000000000000000000000000000000000199500000000000194200000000000000000000000000000002207201323072013            000000000000000                              000                           
0010001300053T 06002003000000028629X 24093140000006201   1               00000000000000000008000001016365                         0900000000000000000000000000000000000000000000000000000   000000000000000000000053000        180192409314     
0010001300054U 060000000000000000000000000000000000000000000000000000000000000000000000080000000000000074700000000000000000000000000000002207201323072013            000000000000000                              000                           
0010001300055T 06002003000000028629X 24093140000006214   1               00000000000000000612000001043621                         0900000000000000000000000000000000000000000000000000000   000000000000000000000053000        180192409314     
0010001300056U 060000000000000000000000000000000000000000000000000000000000000000000006120000000000006114700000000000000000000000000000002207201323072013            000000000000000                              000                           
0010001300057T 06002003000000028629X 24093140000006221   1               00000000000000000210000001043621                         0900000000000000000000000000000000000000000000000000000   000000000000000000000053000        180192409314     
0010001300058U 060000000000000000000000000000000000000000000000000000000000000000000002100000000000002094700000000000000000000000000000002207201323072013            000000000000000                              000                           
0010001300059T 06002003000000028629X 24093140000006223   1               00000000000000000016000237011020                         0900000000000000000000000000000000000000000000000000000   000000000000000000000053000        180192409314     
0010001300060U 060000000000000000000000000000000000000000000000000000000000000000000000160000000000000154700000000000000000000000000000002207201323072013            000000000000000                              000                           
0010001300061T 06002003000000028629X 24093140000006294   1               00000000000000000064450104032420                         0900000000000000000000000000000000000000000000000000000   000000000000000000000053000        180192409314     
0010001300062U 060000000000000000000000000000000000000000000000000000000000000000000000644500000000000639200000000000000000000000000000002207201323072013            000000000000000                              000                           
00100015         000064000000000000000000000000000000000000000000000000000000000000000000000000000000000000000000000000000000000000000000000000000                                                                                              
00199999         000001000066000000                                                                                                                                                            00000000000000000000000000000                    
