00100000         2093389990001580024093140014       002003000000028629X SHOW PRESTADORA DE SERVICOS DOBANCO DO BRASIL                         21712201202574700025403000000504290680PROCESSAMEN                                                 
00100011T0100020 20093389990001580024093140014       002003000000028629X SHOW PRESTADORA DE SERVICOS DO                                                                                000000001712201200000000  000000000                      
0010001300001T 06002003000000028629X 24093140000000985   1               00000000000000000019500341003010                         0900000000000000000000000000000000000000000000000000000   000000000000000000000018500        180192409314     
0010001300002U 060000000000000000000000000000000000000000000000000000000000000000000000195000000000000193150000000000000000000000000000001712201218122012            000000000000000                              000                           
0010001300003T 06002003000000028629X 24093140000000995   1               00000000000000000048450001007595                         0900000000000000000000000000000000000000000000000000000   000000000000000000000018500        180192409314     
0010001300004U 060000000000000000000000000000000000000000000000000000000000000000000000484500000000000482650000000000000000000000000000001712201218122012            000000000000000                              000                           
0010001300005T 06002003000000028629X 24093140000001011   1               00000000000000000010350001012343                         0900000000000000000000000000000000000000000000000000000   000000000000000000000018500        180192409314     
0010001300006U 060000000000000000000000000000000000000000000000000000000000000000000000103500000000000101650000000000000000000000000000001712201218122012            000000000000000                              000                           
00100015         000008000000000000000000000000000000000000000000000000000000000000000000000000000000000000000000000000000000000000000000000000000                                                                                              
00199999         000001000010000000                                                                                                                                                            00000000000000000000000000000                    
