00100000         2093389990001580024093140014       002003000000028629X SHOW PRESTADORA DE SERVICOS DOBANCO DO BRASIL                         21006201303345600048703000000504290680PROCESSAMEN                                                 
00100011T0100020 20093389990001580024093140014       002003000000028629X SHOW PRESTADORA DE SERVICOS DO                                                                                000000001006201300000000  000000000                      
0010001300001T 06002003000000028629X 24093140000003385   1               00000000000000000108450237011040                         0900000000000000000000000000000000000000000000000000000   000000000000000000000018500        180192409314     
0010001300002U 060000000000000000000000000000000000000000000000000000000000000000000001084500000000001082650000000000000000000000000000001006201311062013            000000000000000                              000                           
0010001300003T 06002003000000028629X 24093140000003393   1               00000000000000000024150001002003                         0900000000000000000000000000000000000000000000000000000   000000000000000000000018500        180192409314     
0010001300004U 060000000000000000000000000000000000000000000000000000000000000000000000241500000000000239650000000000000000000000000000001006201311062013            000000000000000                              000                           
0010001300005T 06002003000000028629X 24093140000003399   1               00000000000000000176350001016810                         0900000000000000000000000000000000000000000000000000000   000000000000000000000018500        180192409314     
0010001300006U 060000000000000000000000000000000000000000000000000000000000000000000001763500000000001761650000000000000000000000000000001006201311062013            000000000000000                              000                           
0010001300007T 06002003000000028629X 24093140000003456   1               00000000000000000105000237021050                         0900000000000000000000000000000000000000000000000000000   000000000000000000000018500        180192409314     
0010001300008U 060000000000000000000000000000000000000000000000000000000000000000000001050000000000001048150000000000000000000000000000001006201311062013            000000000000000                              000                           
0010001300009T 06002003000000028629X 24093140000003457   1               00000000000000000024450341003720                         0900000000000000000000000000000000000000000000000000000   000000000000000000000018500        180192409314     
0010001300010U 060000000000000000000000000000000000000000000000000000000000000000000000244500000000000242650000000000000000000000000000001006201311062013            000000000000000                              000                           
0010001300011T 06002003000000028629X 24093140000003460   1               00000000000000000059850237033970                         0900000000000000000000000000000000000000000000000000000   000000000000000000000018500        180192409314     
0010001300012U 060000000000000000000000000000000000000000000000000000000000000000000000598500000000000596650000000000000000000000000000001006201311062013            000000000000000                              000                           
0010001300013T 06002003000000028629X 24093140000003461   1               00000000000000000030450104000410                         0900000000000000000000000000000000000000000000000000000   000000000000000000000018500        180192409314     
0010001300014U 060000000000000000000000000000000000000000000000000000000000000000000000304500000000000302650000000000000000000000000000001006201311062013            000000000000000                              000                           
0010001300015T 06002003000000028629X 24093140000003465   1               00000000000000000020250104000360                         0900000000000000000000000000000000000000000000000000000   000000000000000000000018500        180192409314     
0010001300016U 060000000000000000000000000000000000000000000000000000000000000000000000202500000000000200650000000000000000000000000000001006201311062013            000000000000000                              000                           
00100015         000018000000000000000000000000000000000000000000000000000000000000000000000000000000000000000000000000000000000000000000000000000                                                                                              
00199999         000001000020000000                                                                                                                                                            00000000000000000000000000000                    
