00100000         2093389990001580024093140014       002003000000028629X SHOW PRESTADORA DE SERVICOS DOBANCO DO BRASIL                         20201201303341000027403000000504290680PROCESSAMEN                                                 
00100011T0100020 20093389990001580024093140014       002003000000028629X SHOW PRESTADORA DE SERVICOS DO                                                                                000000000201201300000000  000000000                      
0010001300001T 06002003000000028629X 24093140000000955   1               00000000000000000030000001016357                         0900000000000000000000000000000000000000000000000000000   000000000000000000000018500        180192409314     
0010001300002U 060000000000000000000000000000000000000000000000000000000000000000000000300000000000000298150000000000000000000000000000000201201303012013            000000000000000                              000                           
0010001300003T 06002003000000028629X 24093140000000957   1               0000000000000000001625000101088X                         0900000000000000000000000000000000000000000000000000000   000000000000000000000018500        180192409314     
0010001300004U 060000000000000000000000000000000000000000000000000000000000000000000000162500000000000160650000000000000000000000000000000201201303012013            000000000000000                              000                           
0010001300005T 06002003000000028629X 24093140000000958   1               00000000000000000099450237021080                         0900000000000000000000000000000000000000000000000000000   000000000000000000000018500        180192409314     
0010001300006U 060000000000000000000000000000000000000000000000000000000000000000000000994500000000000992650000000000000000000000000000000201201303012013            000000000000000                              000                           
0010001300007T 06002003000000028629X 24093140000000969   1               00000000000000000008000748022010                         0900000000000000000000000000000000000000000000000000000   000000000000000000000018500        180192409314     
0010001300008U 060000000000000000000000000000000000000000000000000000000000000000000000080000000000000078150000000000000000000000000000000201201303012013            000000000000000                              000                           
0010001300009T 06002003000000028629X 24093140000001009   1               00000000000000000238000104010100                         0900000000000000000000000000000000000000000000000000000   000000000000000000000018500        180192409314     
0010001300010U 060000000000000000000000000000000000000000000000000000000000000000000002380000000000002378150000000000000000000000000000000201201303012013            000000000000000                              000                           
0010001300011T 06002003000000028629X 24093140000001019   1               00000000000000000858450001011436                         0900000000000000000000000000000000000000000000000000000   000000000000000000000018500        180192409314     
0010001300012U 060000000000000000000000000000000000000000000000000000000000000000000008584500000000008582650000000000000000000000000000000201201303012013            000000000000000                              000                           
0010001300013T 06002003000000028629X 24093140000001020   1               00000000000000000084950341003720                         0900000000000000000000000000000000000000000000000000000   000000000000000000000018500        180192409314     
0010001300014U 060000000000000000000000000000000000000000000000000000000000000000000000849500000000000847650000000000000000000000000000000201201303012013            000000000000000                              000                           
0010001300015T 06002003000000028629X 24093140000001063   1               00000000000000000694200001043621                         0900000000000000000000000000000000000000000000000000000   000000000000000000000018500        180192409314     
0010001300016U 060000000000000000000000000000000000000000000000000000000000000000000006942000000000006940150000000000000000000000000000000201201303012013            000000000000000                              000                           
0010001300017T 06002003000000028629X 24093140000001091   1               00000000000000000045950341003720                         0900000000000000000000000000000000000000000000000000000   000000000000000000000018500        180192409314     
0010001300018U 060000000000000000000000000000000000000000000000000000000000000000000000459500000000000457650000000000000000000000000000000201201303012013            000000000000000                              000                           
00100015         000020000000000000000000000000000000000000000000000000000000000000000000000000000000000000000000000000000000000000000000000000000                                                                                              
00199999         000001000022000000                                                                                                                                                            00000000000000000000000000000                    
