00100000         2093389990001580024093140014       002003000000028629X SHOW PRESTADORA DE SERVICOS DOBANCO DO BRASIL                         21402201302015400033003000000504290680PROCESSAMEN                                                 
00100011T0100020 20093389990001580024093140014       002003000000028629X SHOW PRESTADORA DE SERVICOS DO                                                                                000000001402201300000000  000000000                      
0010001300001T 06002003000000028629X 24093140000001323   1               00000000000000000020857104007290                         0900000000000000000000000000000000000000000000000000000   000000000000000000000018500        180192409314     
0010001300002U 060000000000000000000000000000000000000000000000000000000000000000000000208570000000000206720000000000000000000000000000001402201315022013            000000000000000                              000                           
0010001300003T 06002003000000028629X 24093140000001331   1               00000000000000000016450001043621                         0900000000000000000000000000000000000000000000000000000   000000000000000000000018500        180192409314     
0010001300004U 060000000000004910000000000000000000000000000000000000000000000000000000169410000000000167560000000000000000000000000000001402201315022013            000000000000000                              000                           
0010001300005T 06002003000000028629X 24093140000001499   1               00000000000000000024150001002003                         0900000000000000000000000000000000000000000000000000000   000000000000000000000018500        180192409314     
0010001300006U 060000000000005150000000000000000000000000000000000000000000000000000000246650000000000244800000000000000000000000000000001402201315022013            000000000000000                              000                           
00100015         000008000000000000000000000000000000000000000000000000000000000000000000000000000000000000000000000000000000000000000000000000000                                                                                              
00199999         000001000010000000                                                                                                                                                            00000000000000000000000000000                    
