00100000         2093389990001580024093140014       002003000000028629X SHOW PRESTADORA DE SERVICOS DOBANCO DO BRASIL                         22111201201454600021903000000504290680PROCESSAMEN                                                 
00100011T0100020 20093389990001580024093140014       002003000000028629X SHOW PRESTADORA DE SERVICOS DO                                                                                000000002111201200000000  000000000                      
0010001300001T 06002003000000028629X 24093140000000830   1               00000000000000000123500341003010                         0900000000000000000000000000000000000000000000000000000   000000000000000000000024000        180192409314     
0010001300002U 060000000000000000000000000000000000000000000000000000000000000000000001235000000000001232600000000000000000000000000000002111201222112012            000000000000000                              000                           
0010001300003T 06002003000000028629X 24093140000000831   1               00000000000000000019500341003010                         0900000000000000000000000000000000000000000000000000000   000000000000000000000024000        180192409314     
0010001300004U 060000000000000000000000000000000000000000000000000000000000000000000000195000000000000192600000000000000000000000000000002111201222112012            000000000000000                              000                           
0010001300005T 06002003000000028629X 24093140000000838   1               00000000000000000019500237034110                         0900000000000000000000000000000000000000000000000000000   000000000000000000000024000        180192409314     
0010001300006U 060000000000000000000000000000000000000000000000000000000000000000000000195000000000000192600000000000000000000000000000002111201222112012            000000000000000                              000                           
00100015         000008000000000000000000000000000000000000000000000000000000000000000000000000000000000000000000000000000000000000000000000000000                                                                                              
00199999         000001000010000000                                                                                                                                                            00000000000000000000000000000                    
