00100000         2093389990001580024093140014       002003000000028629X SHOW PRESTADORA DE SERVICOS DOBANCO DO BRASIL                         20304201301420300039603000000504290680PROCESSAMEN                                                 
00100011T0100020 20093389990001580024093140014       002003000000028629X SHOW PRESTADORA DE SERVICOS DO                                                                                000000000304201300000000  000000000                      
0010001300001T 06002003000000028629X 24093140000001616   1               00000000000000000044937001043613                         0900000000000000000000000000000000000000000000000000000   000000000000000000000018500        180192409314     
0010001300002U 060000000000000000000000000000000000000000000000000000000000000000000000449370000000000447520000000000000000000000000000000304201304042013            000000000000000                              000                           
0010001300003T 06002003000000028629X 24093140000001617   1               00000000000000000134810001043613                         0900000000000000000000000000000000000000000000000000000   000000000000000000000018500        180192409314     
0010001300004U 060000000000000000000000000000000000000000000000000000000000000000000001348100000000001346250000000000000000000000000000000304201304042013            000000000000000                              000                           
0010001300005T 06002003000000028629X 24093140000001618   1               00000000000000000161772001043613                         0900000000000000000000000000000000000000000000000000000   000000000000000000000018500        180192409314     
0010001300006U 060000000000000000000000000000000000000000000000000000000000000000000001617720000000001615870000000000000000000000000000000304201304042013            000000000000000                              000                           
0010001300007T 06002003000000028629X 24093140000001630   1               00000000000000000069327001043613                         0900000000000000000000000000000000000000000000000000000   000000000000000000000018500        180192409314     
0010001300008U 060000000000000000000000000000000000000000000000000000000000000000000000693270000000000691420000000000000000000000000000000304201304042013            000000000000000                              000                           
00100015         000010000000000000000000000000000000000000000000000000000000000000000000000000000000000000000000000000000000000000000000000000000                                                                                              
00199999         000001000012000000                                                                                                                                                            00000000000000000000000000000                    
