00100000         2093389990001580024093140014       002003000000028629X SHOW PRESTADORA DE SERVICOS DOBANCO DO BRASIL                         22106201301402600050403000000504290680PROCESSAMEN                                                 
00100011T0100020 20093389990001580024093140014       002003000000028629X SHOW PRESTADORA DE SERVICOS DO                                                                                000000002106201300000000  000000000                      
0010001300001T 06002003000000028629X 24093140000002210   1               00000000000000000231650104010100                         0900000000000000000000000000000000000000000000000000000   000000000000000000000018500        180192409314     
0010001300002U 060000000000000000000000000000000000000000000000000000000000000000000002316500000000002314650000000000000000000000000000002106201324062013            000000000000000                              000                           
0010001300003T 06002003000000028629X 24093140000003402   1               00000000000000000028450001031658                         0900000000000000000000000000000000000000000000000000000   000000000000000000000018500        180192409314     
0010001300004U 060000000000000000000000000000000000000000000000000000000000000000000000284500000000000282650000000000000000000000000000002106201324062013            000000000000000                              000                           
0010001300005T 06002003000000028629X 24093140000003404   1               00000000000000000156450237011040                         0900000000000000000000000000000000000000000000000000000   000000000000000000000018500        180192409314     
0010001300006U 060000000000000000000000000000000000000000000000000000000000000000000001564500000000001562650000000000000000000000000000002106201324062013            000000000000000                              000                           
0010001300007T 06002003000000028629X 24093140000003423   1               00000000000000000093513001032778                         0900000000000000000000000000000000000000000000000000000   000000000000000000000018500        180192409314     
0010001300008U 060000000000000000000000000000000000000000000000000000000000000000000000935130000000000933280000000000000000000000000000002106201324062013            000000000000000                              000                           
0010001300009T 06002003000000028629X 24093140000003458   1               00000000000000000010350001002003                         0900000000000000000000000000000000000000000000000000000   000000000000000000000018500        180192409314     
0010001300010U 060000000000002330000000000000000000000000000000000000000000000000000000105830000000000103980000000000000000000000000000002106201324062013            000000000000000                              000                           
0010001300011T 06002003000000028629X 24093140000003483   1               00000000000000000020699001083305                         0900000000000000000000000000000000000000000000000000000   000000000000000000000018500        180192409314     
0010001300012U 060000000000000000000000000000000000000000000000000000000000000000000000206990000000000205140000000000000000000000000000002106201324062013            000000000000000                              000                           
0010001300013T 06002003000000028629X 24093140000005471   1               00000000000000000612000001043621                         0900000000000000000000000000000000000000000000000000000   000000000000000000000018500        180192409314     
0010001300014U 060000000000000000000000000000000000000000000000000000000000000000000006120000000000006118150000000000000000000000000000002106201324062013            000000000000000                              000                           
00100015         000016000000000000000000000000000000000000000000000000000000000000000000000000000000000000000000000000000000000000000000000000000                                                                                              
00199999         000001000018000000                                                                                                                                                            00000000000000000000000000000                    
