00100000         2093389990001580024093140014       002003000000028629X SHOW PRESTADORA DE SERVICOS DOBANCO DO BRASIL                         20102201301441000031803000000504290680PROCESSAMEN                                                 
00100011T0100020 20093389990001580024093140014       002003000000028629X SHOW PRESTADORA DE SERVICOS DO                                                                                000000000102201300000000  000000000                      
0010001300001T 06002003000000028629X 24093140000001222   1               00000000000000000027450001007595                         0900000000000000000000000000000000000000000000000000000   000000000000000000000018500        180192409314     
0010001300002U 060000000000000000000000000000000000000000000000000000000000000000000000274500000000000272650000000000000000000000000000000102201304022013            000000000000000                              000                           
0010001300003T 06002003000000028629X 24093140000001223   1               00000000000000000018450237015940                         0900000000000000000000000000000000000000000000000000000   000000000000000000000018500        180192409314     
0010001300004U 060000000000000000000000000000000000000000000000000000000000000000000000184500000000000182650000000000000000000000000000000102201304022013            000000000000000                              000                           
00100015         000006000000000000000000000000000000000000000000000000000000000000000000000000000000000000000000000000000000000000000000000000000                                                                                              
00199999         000001000008000000                                                                                                                                                            00000000000000000000000000000                    
