00100000         2093389990001580024093140014       002003000000028629X SHOW PRESTADORA DE SERVICOS DOBANCO DO BRASIL                         20307201301445800052003000000504290680PROCESSAMEN                                                 
00100011T0100020 20093389990001580024093140014       002003000000028629X SHOW PRESTADORA DE SERVICOS DO                                                                                000000000307201300000000  000000000                      
0010001300001T 06002003000000028629X 24093140000002135   1               00000000000000000008000033041830                         0900000000000000000000000000000000000000000000000000000   000000000000000000000053000        180192409314     
0010001300002U 060000000000000000000000000000000000000000000000000000000000000000000000080000000000000074700000000000000000000000000000000307201304072013            000000000000000                              000                           
0010001300003T 06002003000000028629X 24093140000003380   1               00000000000000000008000033041830                         0900000000000000000000000000000000000000000000000000000   000000000000000000000053000        180192409314     
0010001300004U 060000000000000000000000000000000000000000000000000000000000000000000000080000000000000074700000000000000000000000000000000307201304072013            000000000000000                              000                           
00100015         000006000000000000000000000000000000000000000000000000000000000000000000000000000000000000000000000000000000000000000000000000000                                                                                              
00199999         000001000008000000                                                                                                                                                            00000000000000000000000000000                    
