00100000         2093389990001580024093140014       002003000000028629X SHOW PRESTADORA DE SERVICOS DOBANCO DO BRASIL                         21211201202490500020703000000504290680PROCESSAMEN                                                 
00100011T0100020 20093389990001580024093140014       002003000000028629X SHOW PRESTADORA DE SERVICOS DO                                                                                000000001211201200000000  000000000                      
0010001300001T 06002003000000028629X 24093140000000808   1               00000000000000000098350341049940                         0900000000000000000000000000000000000000000000000000000   000000000000000000000024000        180192409314     
0010001300002U 060000000000000000000000000000000000000000000000000000000000000000000000983500000000000981100000000000000000000000000000001211201213112012            000000000000000                              000                           
0010001300003T 06002003000000028629X 24093140000000819   1               00000000000000000188450001016810                         0900000000000000000000000000000000000000000000000000000   000000000000000000000024000        180192409314     
0010001300004U 060000000000000000000000000000000000000000000000000000000000000000000001884500000000001882100000000000000000000000000000001211201213112012            000000000000000                              000                           
0010001300005T 06002003000000028629X 24093140000000938   1               00000000000000000198450237030550                         0900000000000000000000000000000000000000000000000000000   000000000000000000000024000        180192409314     
0010001300006U 060000000000000000000000000000000000000000000000000000000000000000000001984500000000001982100000000000000000000000000000001211201213112012            000000000000000                              000                           
0010001300007T 06002003000000028629X 24093140000000939   1               00000000000000000090450237030550                         0900000000000000000000000000000000000000000000000000000   000000000000000000000024000        180192409314     
0010001300008U 060000000000000000000000000000000000000000000000000000000000000000000000904500000000000902100000000000000000000000000000001211201213112012            000000000000000                              000                           
0010001300009T 06002003000000028629X 24093140000000941   1               00000000000000000020450001043621                         0900000000000000000000000000000000000000000000000000000   000000000000000000000024000        180192409314     
0010001300010U 060000000000000000000000000000000000000000000000000000000000000000000000204500000000000202100000000000000000000000000000001211201213112012            000000000000000                              000                           
00100015         000012000000000000000000000000000000000000000000000000000000000000000000000000000000000000000000000000000000000000000000000000000                                                                                              
00199999         000001000014000000                                                                                                                                                            00000000000000000000000000000                    
