00100000         2093389990001580024093140014       002003000000028629X SHOW PRESTADORA DE SERVICOS DOBANCO DO BRASIL                         20907201301372600052803000000504290680PROCESSAMEN                                                 
00100011T0100020 20093389990001580024093140014       002003000000028629X SHOW PRESTADORA DE SERVICOS DO                                                                                000000000907201300000000  000000000                      
0010001300001T 06002003000000028629X 24093140000003043   1               00000000000000000007980001032042                         0900000000000000000000000000000000000000000000000000000   000000000000000000000053000        180192409314     
0010001300002U 060000000000000000000000000000000000000000000000000000000000000000000000079800000000000074500000000000000000000000000000000907201310072013            000000000000000                              000                           
0010001300003T 06002003000000028629X 24093140000003482   1               00000000000000000007950001032042                         0900000000000000000000000000000000000000000000000000000   000000000000000000000053000        180192409314     
0010001300004U 060000000000000000000000000000000000000000000000000000000000000000000000079500000000000074200000000000000000000000000000000907201310072013            000000000000000                              000                           
0010001300005T 06002003000000028629X 24093140000003569   1               00000000000000000108450001031658                         0900000000000000000000000000000000000000000000000000000   000000000000000000000053000        180192409314     
0010001300006U 060000000000000000000000000000000000000000000000000000000000000000000001084500000000001079200000000000000000000000000000000907201310072013            000000000000000                              000                           
0010001300007T 06002003000000028629X 24093140000004463   1               00000000000000000030450104000410                         0900000000000000000000000000000000000000000000000000000   000000000000000000000053000        180192409314     
0010001300008U 060000000000000000000000000000000000000000000000000000000000000000000000304500000000000299200000000000000000000000000000000907201310072013            000000000000000                              000                           
00100015         000010000000000000000000000000000000000000000000000000000000000000000000000000000000000000000000000000000000000000000000000000000                                                                                              
00199999         000001000012000000                                                                                                                                                            00000000000000000000000000000                    
