00100000         2093389990001580024093140014       002003000000028629X SHOW PRESTADORA DE SERVICOS DOBANCO DO BRASIL                         23011201201450800023203000000504290680PROCESSAMEN                                                 
00100011T0100020 20093389990001580024093140014       002003000000028629X SHOW PRESTADORA DE SERVICOS DO                                                                                000000003011201200000000  000000000                      
0010001300001T 06002003000000028629X 24093140000000815   1               00000000000000000099450237021080                         0900000000000000000000000000000000000000000000000000000   000000000000000000000018500        180192409314     
0010001300002U 060000000000000000000000000000000000000000000000000000000000000000000000994500000000000992650000000000000000000000000000003011201203122012            000000000000000                              000                           
0010001300003T 06002003000000028629X 24093140000000816   1               0000000000000000001625000101088X                         0900000000000000000000000000000000000000000000000000000   000000000000000000000018500        180192409314     
0010001300004U 060000000000000000000000000000000000000000000000000000000000000000000000162500000000000160650000000000000000000000000000003011201203122012            000000000000000                              000                           
0010001300005T 06002003000000028629X 24093140000000837   1               00000000000000000020450237015630                         0900000000000000000000000000000000000000000000000000000   000000000000000000000018500        180192409314     
0010001300006U 060000000000000000000000000000000000000000000000000000000000000000000000204500000000000202650000000000000000000000000000003011201203122012            000000000000000                              000                           
0010001300007T 06002003000000028629X 24093140000000845   1               00000000000000000008000748022010                         0900000000000000000000000000000000000000000000000000000   000000000000000000000018500        180192409314     
0010001300008U 060000000000000000000000000000000000000000000000000000000000000000000000080000000000000078150000000000000000000000000000003011201203122012            000000000000000                              000                           
0010001300009T 06002003000000028629X 24093140000000849   1               00000000000000000246450001007595                         0900000000000000000000000000000000000000000000000000000   000000000000000000000018500        180192409314     
0010001300010U 060000000000000000000000000000000000000000000000000000000000000000000002464500000000002462650000000000000000000000000000003011201203122012            000000000000000                              000                           
0010001300011T 06002003000000028629X 24093140000000860   1               00000000000000000026450237024720                         0900000000000000000000000000000000000000000000000000000   000000000000000000000018500        180192409314     
0010001300012U 060000000000000000000000000000000000000000000000000000000000000000000000264500000000000262650000000000000000000000000000003011201203122012            000000000000000                              000                           
0010001300013T 06002003000000028629X 24093140000000878   1               00000000000000000694650001043621                         0900000000000000000000000000000000000000000000000000000   000000000000000000000018500        180192409314     
0010001300014U 060000000000000000000000000000000000000000000000000000000000000000000006946500000000006944650000000000000000000000000000003011201203122012            000000000000000                              000                           
0010001300015T 06002003000000028629X 24093140000000886   1               00000000000000000084950341003720                         0900000000000000000000000000000000000000000000000000000   000000000000000000000018500        180192409314     
0010001300016U 060000000000000000000000000000000000000000000000000000000000000000000000849500000000000847650000000000000000000000000000003011201203122012            000000000000000                              000                           
0010001300017T 06002003000000028629X 24093140000000937   1               00000000000000000231650104010100                         0900000000000000000000000000000000000000000000000000000   000000000000000000000018500        180192409314     
0010001300018U 060000000000000000000000000000000000000000000000000000000000000000000002316500000000002314650000000000000000000000000000003011201203122012            000000000000000                              000                           
00100015         000020000000000000000000000000000000000000000000000000000000000000000000000000000000000000000000000000000000000000000000000000000                                                                                              
00199999         000001000022000000                                                                                                                                                            00000000000000000000000000000                    
