00100000         2093389990001580024093140014       002003000000028629X SHOW PRESTADORA DE SERVICOS DOBANCO DO BRASIL                         21112201201453100024603000000504290680PROCESSAMEN                                                 
00100011T0100020 20093389990001580024093140014       002003000000028629X SHOW PRESTADORA DE SERVICOS DO                                                                                000000001112201200000000  000000000                      
0010001300001T 06002003000000028629X 24093140000000801   1               00000000000000000102000033009740                         0900000000000000000000000000000000000000000000000000000   000000000000000000000018500        180192409314     
0010001300002U 060000000000000000000000000000000000000000000000000000000000000000000001020000000000001018150000000000000000000000000000001112201212122012            000000000000000                              000                           
0010001300003T 06002003000000028629X 24093140000000950   1               00000000000000000108000033009740                         0900000000000000000000000000000000000000000000000000000   000000000000000000000018500        180192409314     
0010001300004U 060000000000000000000000000000000000000000000000000000000000000000000001080000000000001078150000000000000000000000000000001112201212122012            000000000000000                              000                           
0010001300005T 06002003000000028629X 24093140000001008   1               00000000000000000036450001002003                         0900000000000000000000000000000000000000000000000000000   000000000000000000000018500        180192409314     
0010001300006U 060000000000007410000000000000000000000000000000000000000000000000000000371910000000000370060000000000000000000000000000001112201212122012            000000000000000                              000                           
00100015         000008000000000000000000000000000000000000000000000000000000000000000000000000000000000000000000000000000000000000000000000000000                                                                                              
00199999         000001000010000000                                                                                                                                                            00000000000000000000000000000                    
