00100000         2093389990001580024093140014       002003000000028629X SHOW PRESTADORA DE SERVICOS DOBANCO DO BRASIL                         22205201301365300046303000000504290680PROCESSAMEN                                                 
00100011T0100020 20093389990001580024093140014       002003000000028629X SHOW PRESTADORA DE SERVICOS DO                                                                                000000002205201300000000  000000000                      
0010001300001T 06002003000000028629X 24093140000002020   1               00000000000000000029700001031658                         0900000000000000000000000000000000000000000000000000000   000000000000000000000018500        180192409314     
0010001300002U 060000000000006140000000000000000000000000000000000000000000000000000000303140000000000301290000000000000000000000000000002205201323052013            000000000000000                              000                           
0010001300003T 06002003000000028629X 24093140000002149   1               00000000000000000080100104007580                         0900000000000000000000000000000000000000000000000000000   000000000000000000000018500        180192409314     
0010001300004U 060000000000000000000000000000000000000000000000000000000000000000000000801000000000000799150000000000000000000000000000002205201323052013            000000000000000                              000                           
0010001300005T 06002003000000028629X 24093140000002180   1               00000000000000000091450237010610                         0900000000000000000000000000000000000000000000000000000   000000000000000000000018500        180192409314     
0010001300006U 060000000000000000000000000000000000000000000000000000000000000000000000914500000000000912650000000000000000000000000000002205201323052013            000000000000000                              000                           
0010001300007T 06002003000000028629X 24093140000002226   1               00000000000000000029700001031658                         0900000000000000000000000000000000000000000000000000000   000000000000000000000018500        180192409314     
0010001300008U 060000000000006140000000000000000000000000000000000000000000000000000000303140000000000301290000000000000000000000000000002205201323052013            000000000000000                              000                           
0010001300009T 06002003000000028629X 24093140000005268   1               00000000000000000060000104007580                         0900000000000000000000000000000000000000000000000000000   000000000000000000000018500        180192409314     
0010001300010U 060000000000000000000000000000000000000000000000000000000000000000000000600000000000000598150000000000000000000000000000002205201323052013            000000000000000                              000                           
00100015         000012000000000000000000000000000000000000000000000000000000000000000000000000000000000000000000000000000000000000000000000000000                                                                                              
00199999         000001000014000000                                                                                                                                                            00000000000000000000000000000                    
