00100000         2093389990001580024093140014       002003000000028629X SHOW PRESTADORA DE SERVICOS DOBANCO DO BRASIL                         21706201302554400049603000000504290680PROCESSAMEN                                                 
00100011T0100020 20093389990001580024093140014       002003000000028629X SHOW PRESTADORA DE SERVICOS DO                                                                                000000001706201300000000  000000000                      
0010001300001T 06002003000000028629X 24093140000001990   1               00000000000000000123500341003010                         0900000000000000000000000000000000000000000000000000000   000000000000000000000018500        180192409314     
0010001300002U 060000000000000000000000000000000000000000000000000000000000000000000001235000000000001233150000000000000000000000000000001706201318062013            000000000000000                              000                           
0010001300003T 06002003000000028629X 24093140000001996   1               00000000000000000019500341003010                         0900000000000000000000000000000000000000000000000000000   000000000000000000000018500        180192409314     
0010001300004U 060000000000000000000000000000000000000000000000000000000000000000000000195000000000000193150000000000000000000000000000001706201318062013            000000000000000                              000                           
0010001300005T 06002003000000028629X 24093140000003389   1               00000000000000000014784001035262                         0900000000000000000000000000000000000000000000000000000   000000000000000000000018500        180192409314     
0010001300006U 060000000000000000000000000000000000000000000000000000000000000000000000147840000000000145990000000000000000000000000000001706201318062013            000000000000000                              000                           
00100015         000008000000000000000000000000000000000000000000000000000000000000000000000000000000000000000000000000000000000000000000000000000                                                                                              
00199999         000001000010000000                                                                                                                                                            00000000000000000000000000000                    
