00100000         2093389990001580024093140014       002003000000028629X SHOW PRESTADORA DE SERVICOS DOBANCO DO BRASIL                         22905201301444400047303000000504290680PROCESSAMEN                                                 
00100011T0100020 20093389990001580024093140014       002003000000028629X SHOW PRESTADORA DE SERVICOS DO                                                                                000000002905201300000000  000000000                      
0010001300001T 06002003000000028629X 24093140000002209   1               00000000000000000050750001016349                         0900000000000000000000000000000000000000000000000000000   0000000000000000000000185          180192409314     
0010001300002U 060000000000010830000000000000000000000000000000000000000000000000000000518330000000000516480000000000000000000000000000002905201331052013            000000000000000                              000                           
00100015         000004000000000000000000000000000000000000000000000000000000000000000000000000000000000000000000000000000000000000000000000000000                                                                                              
00199999         000001000006000000                                                                                                                                                            00000000000000000000000000000                    
