00100000         2093389990001580024093140014       002003000000028629X SHOW PRESTADORA DE SERVICOS DOBANCO DO BRASIL                         21911201202553000021503000000504290680PROCESSAMEN                                                 
00100011T0100020 20093389990001580024093140014       002003000000028629X SHOW PRESTADORA DE SERVICOS DO                                                                                000000001911201200000000  000000000                      
0010001300001T 06002003000000028629X 24093140000000810   1               00000000000000000010350001012343                         0900000000000000000000000000000000000000000000000000000   000000000000000000000024000        180192409314     
0010001300002U 060000000000000000000000000000000000000000000000000000000000000000000000103500000000000101100000000000000000000000000000001911201220112012            000000000000000                              000                           
0010001300003T 06002003000000028629X 24093140000000811   1               00000000000000000034450748022010                         0900000000000000000000000000000000000000000000000000000   000000000000000000000024000        180192409314     
0010001300004U 060000000000000000000000000000000000000000000000000000000000000000000000344500000000000342100000000000000000000000000000001911201220112012            000000000000000                              000                           
0010001300005T 06002003000000028629X 24093140000000813   1               00000000000000000049950237021050                         0900000000000000000000000000000000000000000000000000000   000000000000000000000024000        180192409314     
0010001300006U 060000000000000000000000000000000000000000000000000000000000000000000000499500000000000497100000000000000000000000000000001911201220112012            000000000000000                              000                           
00100015         000008000000000000000000000000000000000000000000000000000000000000000000000000000000000000000000000000000000000000000000000000000                                                                                              
00199999         000001000010000000                                                                                                                                                            00000000000000000000000000000                    
