00100000         2093389990001580024093140014       002003000000028629X SHOW PRESTADORA DE SERVICOS DOBANCO DO BRASIL                         22501201301230100030803000000504290680PROCESSAMEN                                                 
00100011T0100020 20093389990001580024093140014       002003000000028629X SHOW PRESTADORA DE SERVICOS DO                                                                                000000002501201300000000  000000000                      
0010001300001T 06002003000000028629X 24093140000001167   1               00000000000000000123450001031658                         0900000000000000000000000000000000000000000000000000000   000000000000000000000018500        180192409314     
0010001300002U 060000000000000000000000000000000000000000000000000000000000000000000001234500000000001232650000000000000000000000000000002501201328012013            000000000000000                              000                           
0010001300003T 06002003000000028629X 24093140000001244   1               00000000000000000064000104027580                         0900000000000000000000000000000000000000000000000000000   000000000000000000000018500        180192409314     
0010001300004U 060000000000000000000000000000000000000000000000000000000000000000000000640000000000000638150000000000000000000000000000002501201328012013            000000000000000                              000                           
0010001300005T 06002003000000028629X 24093140000001255   1               00000000000000000039000341003010                         0900000000000000000000000000000000000000000000000000000   000000000000000000000018500        180192409314     
0010001300006U 060000000000000000000000000000000000000000000000000000000000000000000000390000000000000388150000000000000000000000000000002501201328012013            000000000000000                              000                           
0010001300007T 06002003000000028629X 24093140000001258   1               00000000000000000123500341003010                         0900000000000000000000000000000000000000000000000000000   000000000000000000000018500        180192409314     
0010001300008U 060000000000000000000000000000000000000000000000000000000000000000000001235000000000001233150000000000000000000000000000002501201328012013            000000000000000                              000                           
0010001300009T 06002003000000028629X 24093140000001266   1               00000000000000000019500341003010                         0900000000000000000000000000000000000000000000000000000   000000000000000000000018500        180192409314     
0010001300010U 060000000000000000000000000000000000000000000000000000000000000000000000195000000000000193150000000000000000000000000000002501201328012013            000000000000000                              000                           
0010001300011T 06002003000000028629X 24093140000001302   1               00000000000000000050750237006390                         0900000000000000000000000000000000000000000000000000000   000000000000000000000018500        180192409314     
0010001300012U 060000000000000000000000000000000000000000000000000000000000000000000000507500000000000505650000000000000000000000000000002501201328012013            000000000000000                              000                           
0010001300013T 06002003000000028629X 24093140000001306   1               00000000000000000126450001020354                         0900000000000000000000000000000000000000000000000000000   000000000000000000000018500        180192409314     
0010001300014U 060000000000000000000000000000000000000000000000000000000000000000000001264500000000001262650000000000000000000000000000002501201328012013            000000000000000                              000                           
0010001300015T 06002003000000028629X 24093140000001312   1               0000000000000000001545000102256X                         0900000000000000000000000000000000000000000000000000000   000000000000000000000018500        180192409314     
0010001300016U 060000000000000000000000000000000000000000000000000000000000000000000000154500000000000152650000000000000000000000000000002501201328012013            000000000000000                              000                           
00100015         000018000000000000000000000000000000000000000000000000000000000000000000000000000000000000000000000000000000000000000000000000000                                                                                              
00199999         000001000020000000                                                                                                                                                            00000000000000000000000000000                    
