00100000         2093389990001580024093140014       002003000000028629X SHOW PRESTADORA DE SERVICOS DOBANCO DO BRASIL                         22005201303053100045903000000504290680PROCESSAMEN                                                 
00100011T0100020 20093389990001580024093140014       002003000000028629X SHOW PRESTADORA DE SERVICOS DO                                                                                000000002005201300000000  000000000                      
0010001300001T 06002003000000028629X 24093140000002025   1               00000000000000000008000001016365                         0900000000000000000000000000000000000000000000000000000   000000000000000000000018500        180192409314     
0010001300002U 060000000000000000000000000000000000000000000000000000000000000000000000080000000000000078150000000000000000000000000000002005201321052013            000000000000000                              000                           
0010001300003T 06002003000000028629X 24093140000002144   1               00000000000000000059500001043613                         0900000000000000000000000000000000000000000000000000000   000000000000000000000018500        180192409314     
0010001300004U 060000000000000000000000000000000000000000000000000000000000000000000000595000000000000593150000000000000000000000000000002005201321052013            000000000000000                              000                           
0010001300005T 06002003000000028629X 24093140000002146   1               00000000000000000153000001043613                         0900000000000000000000000000000000000000000000000000000   000000000000000000000018500        180192409314     
0010001300006U 060000000000000000000000000000000000000000000000000000000000000000000001530000000000001528150000000000000000000000000000002005201321052013            000000000000000                              000                           
0010001300007T 06002003000000028629X 24093140000002150   1               00000000000000000030150237020090                         0900000000000000000000000000000000000000000000000000000   000000000000000000000018500        180192409314     
0010001300008U 060000000000000000000000000000000000000000000000000000000000000000000000301500000000000299650000000000000000000000000000002005201321052013            000000000000000                              000                           
0010001300009T 06002003000000028629X 24093140000002151   1               00000000000000000047850001043621                         0900000000000000000000000000000000000000000000000000000   000000000000000000000018500        180192409314     
0010001300010U 060000000000000000000000000000000000000000000000000000000000000000000000478500000000000476650000000000000000000000000000002005201321052013            000000000000000                              000                           
0010001300011T 06002003000000028629X 24093140000002155   1               00000000000000000048450001007595                         0900000000000000000000000000000000000000000000000000000   000000000000000000000018500        180192409314     
0010001300012U 060000000000000000000000000000000000000000000000000000000000000000000000484500000000000482650000000000000000000000000000002005201321052013            000000000000000                              000                           
0010001300013T 06002003000000028629X 24093140000002158   1               00000000000000000065568001043613                         0900000000000000000000000000000000000000000000000000000   000000000000000000000018500        180192409314     
0010001300014U 060000000000000000000000000000000000000000000000000000000000000000000000655680000000000653830000000000000000000000000000002005201321052013            000000000000000                              000                           
0010001300015T 06002003000000028629X 24093140000002165   1               00000000000000000027450033041870                         0900000000000000000000000000000000000000000000000000000   000000000000000000000018500        180192409314     
0010001300016U 060000000000000000000000000000000000000000000000000000000000000000000000274500000000000272650000000000000000000000000000002005201321052013            000000000000000                              000                           
0010001300017T 06002003000000028629X 24093140000002166   1               00000000000000000045450001007595                         0900000000000000000000000000000000000000000000000000000   000000000000000000000018500        180192409314     
0010001300018U 060000000000000000000000000000000000000000000000000000000000000000000000454500000000000452650000000000000000000000000000002005201321052013            000000000000000                              000                           
0010001300019T 06002003000000028629X 24093140000002172   1               00000000000000000059650001043621                         0900000000000000000000000000000000000000000000000000000   000000000000000000000018500        180192409314     
0010001300020U 060000000000000000000000000000000000000000000000000000000000000000000000596500000000000594650000000000000000000000000000002005201321052013            000000000000000                              000                           
0010001300021T 06002003000000028629X 24093140000002173   1               00000000000000000015250004000090                         0900000000000000000000000000000000000000000000000000000   000000000000000000000018500        180192409314     
0010001300022U 060000000000000000000000000000000000000000000000000000000000000000000000152500000000000150650000000000000000000000000000002005201321052013            000000000000000                              000                           
0010001300023T 06002003000000028629X 24093140000002175   1               00000000000000000395900104006170                         0900000000000000000000000000000000000000000000000000000   000000000000000000000018500        180192409314     
0010001300024U 060000000000000000000000000000000000000000000000000000000000000000000003959000000000003957150000000000000000000000000000002005201321052013            000000000000000                              000                           
0010001300025T 06002003000000028629X 24093140000002176   1               00000000000000000010350001012343                         0900000000000000000000000000000000000000000000000000000   000000000000000000000018500        180192409314     
0010001300026U 060000000000000000000000000000000000000000000000000000000000000000000000103500000000000101650000000000000000000000000000002005201321052013            000000000000000                              000                           
0010001300027T 06002003000000028629X 24093140000002179   1               00000000000000000019950104007290                         0900000000000000000000000000000000000000000000000000000   000000000000000000000018500        180192409314     
0010001300028U 060000000000000000000000000000000000000000000000000000000000000000000000199500000000000197650000000000000000000000000000002005201321052013            000000000000000                              000                           
0010001300029T 06002003000000028629X 24093140000002185   1               00000000000000000008450104032420                         0900000000000000000000000000000000000000000000000000000   000000000000000000000018500        180192409314     
0010001300030U 060000000000000000000000000000000000000000000000000000000000000000000000084500000000000082650000000000000000000000000000002005201321052013            000000000000000                              000                           
0010001300031T 06002003000000028629X 24093140000002189   1               00000000000000000263150001043621                         0900000000000000000000000000000000000000000000000000000   000000000000000000000018500        180192409314     
0010001300032U 060000000000000000000000000000000000000000000000000000000000000000000002631500000000002629650000000000000000000000000000002005201321052013            000000000000000                              000                           
0010001300033T 06002003000000028629X 24093140000002194   1               00000000000000000015800104007350                         0900000000000000000000000000000000000000000000000000000   000000000000000000000018500        180192409314     
0010001300034U 060000000000000000000000000000000000000000000000000000000000000000000000158000000000000156150000000000000000000000000000002005201321052013            000000000000000                              000                           
0010001300035T 06002003000000028629X 24093140000002199   1               00000000000000000019500237034110                         0900000000000000000000000000000000000000000000000000000   000000000000000000000018500        180192409314     
0010001300036U 060000000000000000000000000000000000000000000000000000000000000000000000195000000000000193150000000000000000000000000000002005201321052013            000000000000000                              000                           
0010001300037T 06002003000000028629X 24093140000002201   1               00000000000000000028050033030900                         0900000000000000000000000000000000000000000000000000000   000000000000000000000018500        180192409314     
0010001300038U 060000000000000000000000000000000000000000000000000000000000000000000000280500000000000278650000000000000000000000000000002005201321052013            000000000000000                              000                           
0010001300039T 06002003000000028629X 24093140000002219   1               00000000000000000007950104000420                         0900000000000000000000000000000000000000000000000000000   000000000000000000000018500        180192409314     
0010001300040U 060000000000000000000000000000000000000000000000000000000000000000000000079500000000000077650000000000000000000000000000002005201321052013            000000000000000                              000                           
0010001300041T 06002003000000028629X 24093140000002220   1               00000000000000000054000756044800                         0900000000000000000000000000000000000000000000000000000   000000000000000000000018500        180192409314     
0010001300042U 060000000000000000000000000000000000000000000000000000000000000000000000540000000000000538150000000000000000000000000000002005201321052013            000000000000000                              000                           
0010001300043T 06002003000000028629X 24093140000002225   1               00000000000000000008000001002003                         0900000000000000000000000000000000000000000000000000000   000000000000000000000018500        180192409314     
0010001300044U 060000000000000000000000000000000000000000000000000000000000000000000000080000000000000078150000000000000000000000000000002005201321052013            000000000000000                              000                           
0010001300045T 06002003000000028629X 24093140000002231   1               00000000000000000008000001016365                         0900000000000000000000000000000000000000000000000000000   000000000000000000000018500        180192409314     
0010001300046U 060000000000000000000000000000000000000000000000000000000000000000000000080000000000000078150000000000000000000000000000002005201321052013            000000000000000                              000                           
0010001300047T 06002003000000028629X 24093140000003031   1               00000000000000000685450001043621                         0900000000000000000000000000000000000000000000000000000   000000000000000000000018500        180192409314     
0010001300048U 060000000000000000000000000000000000000000000000000000000000000000000006854500000000006852650000000000000000000000000000002005201321052013            000000000000000                              000                           
0010001300049T 06002003000000028629X 24093140000003161   1               0000000000000000002025000100278X                         0900000000000000000000000000000000000000000000000000000   000000000000000000000018500        180192409314     
0010001300050U 060000000000000000000000000000000000000000000000000000000000000000000000202500000000000200650000000000000000000000000000002005201321052013            000000000000000                              000                           
0010001300051T 06002003000000028629X 24093140000003433   1               0000000000000000001155000100099X                         0900000000000000000000000000000000000000000000000000000   000000000000000000000018500        180192409314     
0010001300052U 060000000000000000000000000000000000000000000000000000000000000000000000115500000000000113650000000000000000000000000000002005201321052013            000000000000000                              000                           
0010001300053T 06002003000000028629X 24093140000003434   1               00000000000000000055950001043621                         0900000000000000000000000000000000000000000000000000000   000000000000000000000018500        180192409314     
0010001300054U 060000000000000000000000000000000000000000000000000000000000000000000000559500000000000557650000000000000000000000000000002005201321052013            000000000000000                              000                           
0010001300055T 06002003000000028629X 24093140000003944   1               00000000000000000032000001043621                         0900000000000000000000000000000000000000000000000000000   000000000000000000000018500        180192409314     
0010001300056U 060000000000000000000000000000000000000000000000000000000000000000000000320000000000000318150000000000000000000000000000002005201321052013            000000000000000                              000                           
0010001300057T 06002003000000028629X 24093140000004059   1               00000000000000000106700001043613                         0900000000000000000000000000000000000000000000000000000   000000000000000000000018500        180192409314     
0010001300058U 060000000000000000000000000000000000000000000000000000000000000000000001067000000000001065150000000000000000000000000000002005201321052013            000000000000000                              000                           
00100015         000060000000000000000000000000000000000000000000000000000000000000000000000000000000000000000000000000000000000000000000000000000                                                                                              
00199999         000001000062000000                                                                                                                                                            00000000000000000000000000000                    
