00100000         2093389990001580024093140014       002003000000028629X SHOW PRESTADORA DE SERVICOS DOBANCO DO BRASIL                         20107201302395600051603000000504290680PROCESSAMEN                                                 
00100011T0100020 20093389990001580024093140014       002003000000028629X SHOW PRESTADORA DE SERVICOS DO                                                                                000000000107201300000000  000000000                      
0010001300001T 06002003000000028629X 24093140000003384   1               00000000000000000550450001007595                         0900000000000000000000000000000000000000000000000000000   000000000000000000000053000        180192409314     
0010001300002U 060000000000000000000000000000000000000000000000000000000000000000000005504500000000005499200000000000000000000000000000000107201302072013            000000000000000                              000                           
0010001300003T 06002003000000028629X 24093140000003412   1               00000000000000000040050001048445                         0900000000000000000000000000000000000000000000000000000   000000000000000000000053000        180192409314     
0010001300004U 060000000000000000000000000000000000000000000000000000000000000000000000400500000000000395200000000000000000000000000000000107201302072013            000000000000000                              000                           
0010001300005T 06002003000000028629X 24093140000003416   1               00000000000000000015250237004930                         0900000000000000000000000000000000000000000000000000000   000000000000000000000053000        180192409314     
0010001300006U 060000000000000000000000000000000000000000000000000000000000000000000000152500000000000147200000000000000000000000000000000107201302072013            000000000000000                              000                           
0010001300007T 06002003000000028629X 24093140000003432   1               00000000000000000263204001043621                         0900000000000000000000000000000000000000000000000000000   000000000000000000000053000        180192409314     
0010001300008U 060000000000000000000000000000000000000000000000000000000000000000000002632040000000002626740000000000000000000000000000000107201302072013            000000000000000                              000                           
0010001300009T 06002003000000028629X 24093140000003939   1               00000000000000000040783001016365                         0900000000000000000000000000000000000000000000000000000   000000000000000000000053000        180192409314     
0010001300010U 060000000000000000000000000000000000000000000000000000000000000000000000407830000000000402530000000000000000000000000000000107201302072013            000000000000000                              000                           
0010001300011T 06002003000000028629X 24093140000004394   1               00000000000000000007500001031658                         0900000000000000000000000000000000000000000000000000000   000000000000000000000053000        180192409314     
0010001300012U 060000000000000000000000000000000000000000000000000000000000000000000000075000000000000069700000000000000000000000000000000107201302072013            000000000000000                              000                           
0010001300013T 06002003000000028629X 24093140000006227   1               00000000000000000893350001043621                         0900000000000000000000000000000000000000000000000000000   000000000000000000000053000        180192409314     
0010001300014U 060000000000000000000000000000000000000000000000000000000000000000000008933500000000008928200000000000000000000000000000000107201302072013            000000000000000                              000                           
0010001300015T 06002003000000028629X 24093140000006229   1               00000000000000002550000001011436                         0900000000000000000000000000000000000000000000000000000   000000000000000000000053000        180192409314     
0010001300016U 060000000000000000000000000000000000000000000000000000000000000000000025500000000000025494700000000000000000000000000000000107201302072013            000000000000000                              000                           
00100015         000018000000000000000000000000000000000000000000000000000000000000000000000000000000000000000000000000000000000000000000000000000                                                                                              
00199999         000001000020000000                                                                                                                                                            00000000000000000000000000000                    
