00100000         2093389990001580024093140014       002003000000028629X SHOW PRESTADORA DE SERVICOS DOBANCO DO BRASIL                         21807201301374000054203000000504290680PROCESSAMEN                                                 
00100011T0100020 20093389990001580024093140014       002003000000028629X SHOW PRESTADORA DE SERVICOS DO                                                                                000000001807201300000000  000000000                      
0010001300001T 06002003000000028629X 24093140000004920   1               00000000000000000008000001002003                         0900000000000000000000000000000000000000000000000000000   000000000000000000000053000        180192409314     
0010001300002U 060000000000000000000000000000000000000000000000000000000000000000000000080000000000000074700000000000000000000000000000001807201319072013            000000000000000                              000                           
0010001300003T 06002003000000028629X 24093140000006115   1               00000000000000000049950237021050                         0900000000000000000000000000000000000000000000000000000   000000000000000000000053000        180192409314     
0010001300004U 060000000000000000000000000000000000000000000000000000000000000000000000499500000000000494200000000000000000000000000000001807201319072013            000000000000000                              000                           
0010001300005T 06002003000000028629X 24093140000006131   1               00000000000000000151450237011040                         0900000000000000000000000000000000000000000000000000000   000000000000000000000053000        180192409314     
0010001300006U 060000000000000000000000000000000000000000000000000000000000000000000001514500000000001509200000000000000000000000000000001807201319072013            000000000000000                              000                           
00100015         000008000000000000000000000000000000000000000000000000000000000000000000000000000000000000000000000000000000000000000000000000000                                                                                              
00199999         000001000010000000                                                                                                                                                            00000000000000000000000000000                    
