00100000         2093389990001580024093140014       002003000000028629X SHOW PRESTADORA DE SERVICOS DOBANCO DO BRASIL                         21503201301472400037203000000504290680PROCESSAMEN                                                 
00100011T0100020 20093389990001580024093140014       002003000000028629X SHOW PRESTADORA DE SERVICOS DO                                                                                000000001503201300000000  000000000                      
0010001300001T 06002003000000028629X 24093140000001615   1               00000000000000000014710104005600                         0900000000000000000000000000000000000000000000000000000   000000000000000000000018500        180192409314     
0010001300002U 060000000000000000000000000000000000000000000000000000000000000000000000147100000000000145250000000000000000000000000000001503201318032013            000000000000000                              000                           
0010001300003T 06002003000000028629X 24093140000001622   1               00000000000000000030150237020090                         0900000000000000000000000000000000000000000000000000000   000000000000000000000018500        180192409314     
0010001300004U 060000000000000000000000000000000000000000000000000000000000000000000000301500000000000299650000000000000000000000000000001503201318032013            000000000000000                              000                           
0010001300005T 06002003000000028629X 24093140000001678   1               00000000000000000015450104019140                         0900000000000000000000000000000000000000000000000000000   000000000000000000000018500        180192409314     
0010001300006U 060000000000000000000000000000000000000000000000000000000000000000000000154500000000000152650000000000000000000000000000001503201318032013            000000000000000                              000                           
00100015         000008000000000000000000000000000000000000000000000000000000000000000000000000000000000000000000000000000000000000000000000000000                                                                                              
00199999         000001000010000000                                                                                                                                                            00000000000000000000000000000                    
