00100000         2093389990001580024093140014       002003000000028629X SHOW PRESTADORA DE SERVICOS DOBANCO DO BRASIL                         22210201202582700017903000000504290680PROCESSAMEN                                                 
00100011T0100020 20093389990001580024093140014       002003000000028629X SHOW PRESTADORA DE SERVICOS DO                                                                                000000002210201200000000  000000000                      
0010001300001T 06002003000000028629X 24093140000000706   1               00000000000000000014968001043915                         0900000000000000000000000000000000000000000000000000000   000000000000000000000024000        180192409314     
0010001300002U 060000000000000000000000000000000000000000000000000000000000000000000000149680000000000147280000000000000000000000000000002210201223102012            000000000000000                              000                           
0010001300003T 06002003000000028629X 24093140000000707   1               00000000000000000042500001043613                         0900000000000000000000000000000000000000000000000000000   000000000000000000000024000        180192409314     
0010001300004U 060000000000000000000000000000000000000000000000000000000000000000000000425000000000000422600000000000000000000000000000002210201223102012            000000000000000                              000                           
0010001300005T 06002003000000028629X 24093140000000715   1               00000000000000000047850001000639                         0900000000000000000000000000000000000000000000000000000   000000000000000000000024000        180192409314     
0010001300006U 060000000000000000000000000000000000000000000000000000000000000000000000478500000000000476100000000000000000000000000000002210201223102012            000000000000000                              000                           
0010001300007T 06002003000000028629X 24093140000000716   1               00000000000000000056000237011020                         0900000000000000000000000000000000000000000000000000000   000000000000000000000024000        180192409314     
0010001300008U 060000000000000000000000000000000000000000000000000000000000000000000000560000000000000557600000000000000000000000000000002210201223102012            000000000000000                              000                           
0010001300009T 06002003000000028629X 24093140000000725   1               00000000000000000007450001031658                         0900000000000000000000000000000000000000000000000000000   000000000000000000000024000        180192409314     
0010001300010U 060000000000000000000000000000000000000000000000000000000000000000000000074500000000000072100000000000000000000000000000002210201223102012            000000000000000                              000                           
0010001300011T 06002003000000028629X 24093140000000736   1               00000000000000000027450237015940                         0900000000000000000000000000000000000000000000000000000   000000000000000000000024000        180192409314     
0010001300012U 060000000000000000000000000000000000000000000000000000000000000000000000274500000000000272100000000000000000000000000000002210201223102012            000000000000000                              000                           
0010001300013T 06002003000000028629X 24093140000000737   1               00000000000000000018450001007595                         0900000000000000000000000000000000000000000000000000000   000000000000000000000024000        180192409314     
0010001300014U 060000000000000000000000000000000000000000000000000000000000000000000000184500000000000182100000000000000000000000000000002210201223102012            000000000000000                              000                           
0010001300015T 06002003000000028629X 24093140000000744   1               00000000000000000059650001043621                         0900000000000000000000000000000000000000000000000000000   000000000000000000000024000        180192409314     
0010001300016U 060000000000000000000000000000000000000000000000000000000000000000000000596500000000000594100000000000000000000000000000002210201223102012            000000000000000                              000                           
0010001300017T 06002003000000028629X 24093140000000745   1               00000000000000000015250001043621                         0900000000000000000000000000000000000000000000000000000   000000000000000000000024000        180192409314     
0010001300018U 060000000000000000000000000000000000000000000000000000000000000000000000152500000000000150100000000000000000000000000000002210201223102012            000000000000000                              000                           
0010001300019T 06002003000000028629X 24093140000000748   1               00000000000000000010350001012343                         0900000000000000000000000000000000000000000000000000000   000000000000000000000024000        180192409314     
0010001300020U 060000000000000000000000000000000000000000000000000000000000000000000000103500000000000101100000000000000000000000000000002210201223102012            000000000000000                              000                           
0010001300021T 06002003000000028629X 24093140000000760   1               00000000000000000274250001043621                         0900000000000000000000000000000000000000000000000000000   000000000000000000000024000        180192409314     
0010001300022U 060000000000000000000000000000000000000000000000000000000000000000000002742500000000002740100000000000000000000000000000002210201223102012            000000000000000                              000                           
0010001300023T 06002003000000028629X 24093140000000761   1               0000000000000000001155000100099X                         0900000000000000000000000000000000000000000000000000000   000000000000000000000024000        180192409314     
0010001300024U 060000000000000000000000000000000000000000000000000000000000000000000000115500000000000113100000000000000000000000000000002210201223102012            000000000000000                              000                           
0010001300025T 06002003000000028629X 24093140000000762   1               00000000000000000044850104000400                         0900000000000000000000000000000000000000000000000000000   000000000000000000000024000        180192409314     
0010001300026U 060000000000000000000000000000000000000000000000000000000000000000000000448500000000000446100000000000000000000000000000002210201223102012            000000000000000                              000                           
0010001300027T 06002003000000028629X 24093140000000779   1               00000000000000000048050033030900                         0900000000000000000000000000000000000000000000000000000   000000000000000000000024000        180192409314     
0010001300028U 060000000000000000000000000000000000000000000000000000000000000000000000480500000000000478100000000000000000000000000000002210201223102012            000000000000000                              000                           
0010001300029T 06002003000000028629X 24093140000000782   1               00000000000000000010350237017290                         0900000000000000000000000000000000000000000000000000000   000000000000000000000024000        180192409314     
0010001300030U 060000000000000000000000000000000000000000000000000000000000000000000000103500000000000101100000000000000000000000000000002210201223102012            000000000000000                              000                           
0010001300031T 06002003000000028629X 24093140000000784   1               00000000000000000036803399007390                         0900000000000000000000000000000000000000000000000000000   000000000000000000000024000        180192409314     
0010001300032U 060000000000000000000000000000000000000000000000000000000000000000000000368030000000000365630000000000000000000000000000002210201223102012            000000000000000                              000                           
00100015         000034000000000000000000000000000000000000000000000000000000000000000000000000000000000000000000000000000000000000000000000000000                                                                                              
00199999         000001000036000000                                                                                                                                                            00000000000000000000000000000                    
