00100000         2093389990001580024093140014       002003000000028629X SHOW PRESTADORA DE SERVICOS DOBANCO DO BRASIL                         21903201301440800037603000000504290680PROCESSAMEN                                                 
00100011T0100020 20093389990001580024093140014       002003000000028629X SHOW PRESTADORA DE SERVICOS DO                                                                                000000001903201300000000  000000000                      
0010001300001T 06002003000000028629X 24093140000001621   1               00000000000000000080550237010380                         0900000000000000000000000000000000000000000000000000000   000000000000000000000018500        180192409314     
0010001300002U 060000000000000000000000000000000000000000000000000000000000000000000000805500000000000803650000000000000000000000000000001903201320032013            000000000000000                              000                           
0010001300003T 06002003000000028629X 24093140000001627   1               00000000000000000048450001007595                         0900000000000000000000000000000000000000000000000000000   000000000000000000000018500        180192409314     
0010001300004U 060000000000000000000000000000000000000000000000000000000000000000000000484500000000000482650000000000000000000000000000001903201320032013            000000000000000                              000                           
0010001300005T 06002003000000028629X 24093140000001648   1               00000000000000000395900104006170                         0900000000000000000000000000000000000000000000000000000   000000000000000000000018500        180192409314     
0010001300006U 060000000000000000000000000000000000000000000000000000000000000000000003959000000000003957150000000000000000000000000000001903201320032013            000000000000000                              000                           
0010001300007T 06002003000000028629X 24093140000001708   1               00000000000000000050450237007930                         0900000000000000000000000000000000000000000000000000000   000000000000000000000018500        180192409314     
0010001300008U 060000000000000000000000000000000000000000000000000000000000000000000000504500000000000502650000000000000000000000000000001903201320032013            000000000000000                              000                           
00100015         000010000000000000000000000000000000000000000000000000000000000000000000000000000000000000000000000000000000000000000000000000000                                                                                              
00199999         000001000012000000                                                                                                                                                            00000000000000000000000000000                    
