00100000         2093389990001580024093140014       002003000000028629X SHOW PRESTADORA DE SERVICOS DOBANCO DO BRASIL                         20305201301450000043703000000504290680PROCESSAMEN                                                 
00100011T0100020 20093389990001580024093140014       002003000000028629X SHOW PRESTADORA DE SERVICOS DO                                                                                000000000305201300000000  000000000                      
0010001300001T 06002003000000028629X 24093140000001974   1               00000000000000000025500001016357                         0900000000000000000000000000000000000000000000000000000   000000000000000000000018500        180192409314     
0010001300002U 060000000000000000000000000000000000000000000000000000000000000000000000255000000000000253150000000000000000000000000000000305201306052013            000000000000000                              000                           
0010001300003T 06002003000000028629X 24093140000002027   1               00000000000000000007950004000280                         0900000000000000000000000000000000000000000000000000000   000000000000000000000018500        180192409314     
0010001300004U 060000000000000000000000000000000000000000000000000000000000000000000000079500000000000077650000000000000000000000000000000305201306052013            000000000000000                              000                           
0010001300005T 06002003000000028629X 24093140000003000   1               0000000000000000004500000100944X                         0900000000000000000000000000000000000000000000000000000   000000000000000000000018500        180192409314     
0010001300006U 060000000000003600000000000000000000000000000000000000000000000000000000462600000000000460750000000000000000000000000009000305201306052013            000000000000000                              000                           
0010001300007T 06002003000000028629X 24093140000003001   1               00000000000000000045000001026964                         0900000000000000000000000000000000000000000000000000000   000000000000000000000018500        180192409314     
0010001300008U 060000000000009450000000000000000000000000000000000000000000000000000000459450000000000457600000000000000000000000000000000305201306052013            000000000000000                              000                           
00100015         000010000000000000000000000000000000000000000000000000000000000000000000000000000000000000000000000000000000000000000000000000000                                                                                              
00199999         000001000012000000                                                                                                                                                            00000000000000000000000000000                    
