00100000         2093389990001580024093140014       002003000000028629X SHOW PRESTADORA DE SERVICOS DOBANCO DO BRASIL                         21012201204243700024403000000504290680PROCESSAMEN                                                 
00100011T0100020 20093389990001580024093140014       002003000000028629X SHOW PRESTADORA DE SERVICOS DO                                                                                000000001012201200000000  000000000                      
0010001300001T 06002003000000028629X 24093140000000823   1               00000000000000000198450748022010                         0900000000000000000000000000000000000000000000000000000   000000000000000000000018500        180192409314     
0010001300002U 060000000000000000000000000000000000000000000000000000000000000000000001984500000000001982650000000000000000000000000000001012201211122012            000000000000000                              000                           
0010001300003T 06002003000000028629X 24093140000000824   1               00000000000000000090450237030550                         0900000000000000000000000000000000000000000000000000000   000000000000000000000018500        180192409314     
0010001300004U 060000000000000000000000000000000000000000000000000000000000000000000000904500000000000902650000000000000000000000000000001012201211122012            000000000000000                              000                           
0010001300005T 06002003000000028629X 24093140000000952   1               00000000000000000098350001042870                         0900000000000000000000000000000000000000000000000000000   000000000000000000000018500        180192409314     
0010001300006U 060000000000000000000000000000000000000000000000000000000000000000000000983500000000000981650000000000000000000000000000001012201211122012            000000000000000                              000                           
0010001300007T 06002003000000028629X 24093140000000965   1               00000000000000000014250001043915                         0900000000000000000000000000000000000000000000000000000   000000000000000000000018500        180192409314     
0010001300008U 060000000000000000000000000000000000000000000000000000000000000000000000142500000000000140650000000000000000000000000000001012201211122012            000000000000000                              000                           
0010001300009T 06002003000000028629X 24093140000000967   1               00000000000000000016450001043621                         0900000000000000000000000000000000000000000000000000000   000000000000000000000018500        180192409314     
0010001300010U 060000000000000000000000000000000000000000000000000000000000000000000000164500000000000162650000000000000000000000000000001012201211122012            000000000000000                              000                           
0010001300011T 06002003000000028629X 24093140000000972   1               00000000000000000099450001043621                         0900000000000000000000000000000000000000000000000000000   000000000000000000000018500        180192409314     
0010001300012U 060000000000000000000000000000000000000000000000000000000000000000000000994500000000000992650000000000000000000000000000001012201211122012            000000000000000                              000                           
0010001300013T 06002003000000028629X 24093140000000973   1               00000000000000000023700001002003                         0900000000000000000000000000000000000000000000000000000   000000000000000000000018500        180192409314     
0010001300014U 060000000000000000000000000000000000000000000000000000000000000000000000237000000000000235150000000000000000000000000000001012201211122012            000000000000000                              000                           
0010001300015T 06002003000000028629X 24093140000000997   1               00000000000000000188450001016810                         0900000000000000000000000000000000000000000000000000000   000000000000000000000018500        180192409314     
0010001300016U 060000000000000000000000000000000000000000000000000000000000000000000001884500000000001882650000000000000000000000000000001012201211122012            000000000000000                              000                           
0010001300017T 06002003000000028629X 24093140000001003   1               00000000000000000114450237033970                         0900000000000000000000000000000000000000000000000000000   000000000000000000000018500        180192409314     
0010001300018U 060000000000000000000000000000000000000000000000000000000000000000000001144500000000001142650000000000000000000000000000001012201211122012            000000000000000                              000                           
00100015         000020000000000000000000000000000000000000000000000000000000000000000000000000000000000000000000000000000000000000000000000000000                                                                                              
00199999         000001000022000000                                                                                                                                                            00000000000000000000000000000                    
