00100000         2093389990001580024093140014       002003000000028629X SHOW PRESTADORA DE SERVICOS DOBANCO DO BRASIL                         22602201301432400034603000000504290680PROCESSAMEN                                                 
00100011T0100020 20093389990001580024093140014       002003000000028629X SHOW PRESTADORA DE SERVICOS DO                                                                                000000002602201300000000  000000000                      
0010001300001T 06002003000000028629X 24093140000001328   1               00000000000000000065451104027580                         0900000000000000000000000000000000000000000000000000000   000000000000000000000018500        180192409314     
0010001300002U 060000000000000000000000000000000000000000000000000000000000000000000000654510000000000652660000000000000000000000000000002602201327022013            000000000000000                              000                           
0010001300003T 06002003000000028629X 24093140000001348   1               00000000000000000050750237006390                         0900000000000000000000000000000000000000000000000000000   000000000000000000000018500        180192409314     
0010001300004U 060000000000000000000000000000000000000000000000000000000000000000000000507500000000000505650000000000000000000000000000002602201327022013            000000000000000                              000                           
0010001300005T 06002003000000028629X 24093140000001516   1               00000000000000000126238104007290                         0900000000000000000000000000000000000000000000000000000   000000000000000000000018500        180192409314     
0010001300006U 060000000000000000000000000000000000000000000000000000000000000000000001262380000000001260530000000000000000000000000000002602201327022013            000000000000000                              000                           
0010001300007T 06002003000000028629X 24093140000001518   1               00000000000000000126450001020354                         0900000000000000000000000000000000000000000000000000000   000000000000000000000018500        180192409314     
0010001300008U 060000000000025710000000000000000000000000000000000000000000000000000001290210000000001288360000000000000000000000000000002602201327022013            000000000000000                              000                           
00100015         000010000000000000000000000000000000000000000000000000000000000000000000000000000000000000000000000000000000000000000000000000000                                                                                              
00199999         000001000012000000                                                                                                                                                            00000000000000000000000000000                    
