00100000         2093389990001580024093140014       002003000000028629X SHOW PRESTADORA DE SERVICOS DOBANCO DO BRASIL                         21709201203005300013103000000504290680PROCESSAMEN                                                 
00100011T0100020 20093389990001580024093140014       002003000000028629X SHOW PRESTADORA DE SERVICOS DO                                                                                000000001709201200000000  000000000                      
0010001300001T 06002003000000028629X 24093140000000595   1               00000000000000000090450237030550                         0900000000000000000000000000000000000000000000000000000   000000000000000000000024000        180192409314     
0010001300002U 060000000000000000000000000000000000000000000000000000000000000000000000904500000000000902100000000000000000000000000000001709201218092012            000000000000000                              000                           
0010001300003T 06002003000000028629X 24093140000000643   1               00000000000000000416450104007290                         0900000000000000000000000000000000000000000000000000000   000000000000000000000024000        180192409314     
0010001300004U 060000000000000000000000000000000000000000000000000000000000000000000004164500000000004162100000000000000000000000000000001709201218092012            000000000000000                              000                           
0010001300005T 06002003000000028629X 24093140000000648   1               00000000000000000026450104007290                         0900000000000000000000000000000000000000000000000000000   000000000000000000000024000        180192409314     
0010001300006U 060000000000000000000000000000000000000000000000000000000000000000000000264500000000000262100000000000000000000000000000001709201218092012            000000000000000                              000                           
00100015         000008000000000000000000000000000000000000000000000000000000000000000000000000000000000000000000000000000000000000000000000000000                                                                                              
00199999         000001000010000000                                                                                                                                                            00000000000000000000000000000                    
