00100000         2093389990001580024093140014       002003000000028629X SHOW PRESTADORA DE SERVICOS DOBANCO DO BRASIL                         20507201301461200052403000000504290680PROCESSAMEN                                                 
00100011T0100020 20093389990001580024093140014       002003000000028629X SHOW PRESTADORA DE SERVICOS DO                                                                                000000000507201300000000  000000000                      
0010001300001T 06002003000000028629X 24093140000003398   1               00000000000000000056450237011020                         0900000000000000000000000000000000000000000000000000000   000000000000000000000053000        180192409314     
0010001300002U 060000000000000000000000000000000000000000000000000000000000000000000000564500000000000559200000000000000000000000000000000507201308072013            000000000000000                              000                           
0010001300003T 06002003000000028629X 24093140000003802   1               00000000000000000008650237038680                         0900000000000000000000000000000000000000000000000000000   000000000000000000000053000        180192409314     
0010001300004U 060000000000000000000000000000000000000000000000000000000000000000000000086500000000000081200000000000000000000000000000000507201308072013            000000000000000                              000                           
0010001300005T 06002003000000028629X 24093140000003804   1               00000000000000000009350033046570                         0900000000000000000000000000000000000000000000000000000   000000000000000000000053000        180192409314     
0010001300006U 060000000000000000000000000000000000000000000000000000000000000000000000093500000000000088200000000000000000000000000000000507201308072013            000000000000000                              000                           
0010001300007T 06002003000000028629X 24093140000004323   1               00000000000000000008450341089070                         0900000000000000000000000000000000000000000000000000000   000000000000000000000053000        180192409314     
0010001300008U 060000000000000000000000000000000000000000000000000000000000000000000000084500000000000079200000000000000000000000000000000507201308072013            000000000000000                              000                           
0010001300009T 06002003000000028629X 24093140000005935   1               00000000000000000007950104007350                         0900000000000000000000000000000000000000000000000000000   000000000000000000000053000        180192409314     
0010001300010U 060000000000000000000000000000000000000000000000000000000000000000000000079500000000000074200000000000000000000000000000000507201308072013            000000000000000                              000                           
0010001300011T 06002003000000028629X 24093140000006213   1               00000000000000000612000001043621                         0900000000000000000000000000000000000000000000000000000   000000000000000000000053000        180192409314     
0010001300012U 060000000000000000000000000000000000000000000000000000000000000000000006120000000000006114700000000000000000000000000000000507201308072013            000000000000000                              000                           
00100015         000014000000000000000000000000000000000000000000000000000000000000000000000000000000000000000000000000000000000000000000000000000                                                                                              
00199999         000001000016000000                                                                                                                                                            00000000000000000000000000000                    
