00100000         2093389990001580024093140014       002003000000028629X SHOW PRESTADORA DE SERVICOS DOBANCO DO BRASIL                         21507201302503700053603000000504290680PROCESSAMEN                                                 
00100011T0100020 20093389990001580024093140014       002003000000028629X SHOW PRESTADORA DE SERVICOS DO                                                                                000000001507201300000000  000000000                      
0010001300001T 06002003000000028629X 24093140000003617   1               00000000000000000014250001043915                         0900000000000000000000000000000000000000000000000000000   000000000000000000000053000        180192409314     
0010001300002U 060000000000003090000000000000000000000000000000000000000000000000000000145590000000000140290000000000000000000000000000001507201316072013            000000000000000                              000                           
0010001300003T 06002003000000028629X 24093140000006103   1               0000000000000000001545000100099X                         0900000000000000000000000000000000000000000000000000000   000000000000000000000053000        180192409314     
0010001300004U 060000000000000000000000000000000000000000000000000000000000000000000000154500000000000149200000000000000000000000000000001507201316072013            000000000000000                              000                           
0010001300005T 06002003000000028629X 24093140000006231   1               00000000000000000015913237002910                         0900000000000000000000000000000000000000000000000000000   000000000000000000000053000        180192409314     
0010001300006U 060000000000000000000000000000000000000000000000000000000000000000000000159130000000000153830000000000000000000000000000001507201316072013            000000000000000                              000                           
00100015         000008000000000000000000000000000000000000000000000000000000000000000000000000000000000000000000000000000000000000000000000000000                                                                                              
00199999         000001000010000000                                                                                                                                                            00000000000000000000000000000                    
