00100000         2093389990001580024093140014       002003000000028629X SHOW PRESTADORA DE SERVICOS DOBANCO DO BRASIL                         22806201302042600051403000000504290680PROCESSAMEN                                                 
00100011T0100020 20093389990001580024093140014       002003000000028629X SHOW PRESTADORA DE SERVICOS DO                                                                                000000002806201300000000  000000000                      
0010001300001T 06002003000000028629X 24093140000002169   1               00000000000000000040050001048445                         0900000000000000000000000000000000000000000000000000000   000000000000000000000053000        180192409314     
0010001300002U 060000000000000000000000000000000000000000000000000000000000000000000000400500000000000395200000000000000000000000000000002806201301072013            000000000000000                              000                           
0010001300003T 06002003000000028629X 24093140000003024   1               00000000000000001235950001011436                         0900000000000000000000000000000000000000000000000000000   000000000000000000000053000        180192409314     
0010001300004U 060000000000000000000000000000000000000000000000000000000000000000000012359500000000012354200000000000000000000000000000002806201301072013            000000000000000                              000                           
0010001300005T 06002003000000028629X 24093140000003425   1               00000000000000000025500001016357                         0900000000000000000000000000000000000000000000000000000   000000000000000000000053000        180192409314     
0010001300006U 060000000000000000000000000000000000000000000000000000000000000000000000255000000000000249700000000000000000000000000000002806201301072013            000000000000000                              000                           
0010001300007T 06002003000000028629X 24093140000003476   1               00000000000000000008331001016365                         0900000000000000000000000000000000000000000000000000000   000000000000000000000053000        180192409314     
0010001300008U 060000000000000000000000000000000000000000000000000000000000000000000000083310000000000078010000000000000000000000000000002806201301072013            000000000000000                              000                           
0010001300009T 06002003000000028629X 24093140000003485   1               00000000000000000048166001026964                         0900000000000000000000000000000000000000000000000000000   000000000000000000000053000        180192409314     
0010001300010U 060000000000011880000000000000000000000000000000000000000000000000000000493540000000000488240000000000000000000000000000002806201301072013            000000000000000                              000                           
00100015         000012000000000000000000000000000000000000000000000000000000000000000000000000000000000000000000000000000000000000000000000000000                                                                                              
00199999         000001000014000000                                                                                                                                                            00000000000000000000000000000                    
