00100000         2093389990001580024093140014       002003000000028629X SHOW PRESTADORA DE SERVICOS DOBANCO DO BRASIL                         23107201301381900056003000000504290680PROCESSAMEN                                                 
00100011T0100020 20093389990001580024093140014       002003000000028629X SHOW PRESTADORA DE SERVICOS DO                                                                                000000003107201300000000  000000000                      
0010001300001T 06002003000000028629X 24093140000004852   1               00000000000000000008120001035025                         0900000000000000000000000000000000000000000000000000000   000000000000000000000026500        180192409314     
0010001300002U 060000000000000000000000000000000000000000000000000000000000000000000000081200000000000078550000000000000000000000000000003107201301082013            000000000000000                              000                           
0010001300003T 06002003000000028629X 24093140000006134   1               00000000000000000534500341003720                         0900000000000000000000000000000000000000000000000000000   000000000000000000000026500        180192409314     
0010001300004U 060000000000000000000000000000000000000000000000000000000000000000000005345000000000005342350000000000000000000000000000003107201301082013            000000000000000                              000                           
00100015         000006000000000000000000000000000000000000000000000000000000000000000000000000000000000000000000000000000000000000000000000000000                                                                                              
00199999         000001000008000000                                                                                                                                                            00000000000000000000000000000                    
