00100000         2093389990001580024093140014       002003000000028629X SHOW PRESTADORA DE SERVICOS DOBANCO DO BRASIL                         23007201301344000055803000000504290680PROCESSAMEN                                                 
00100011T0100020 20093389990001580024093140014       002003000000028629X SHOW PRESTADORA DE SERVICOS DO                                                                                000000003007201300000000  000000000                      
0010001300001T 06002003000000028629X 24093140000002601   1               0000000000000000007825000101088X                         0900000000000000000000000000000000000000000000000000000   000000000000000000000026500        180192409314     
0010001300002U 060000000000000000000000000000000000000000000000000000000000000000000000782500000000000779850000000000000000000000000000003007201331072013            000000000000000                              000                           
0010001300003T 06002003000000028629X 24093140000003411   1               00000000000000000013850004001720                         0900000000000000000000000000000000000000000000000000000   000000000000000000000026500        180192409314     
0010001300004U 060000000000000000000000000000000000000000000000000000000000000000000000138500000000000135850000000000000000000000000000003007201331072013            000000000000000                              000                           
0010001300005T 06002003000000028629X 24093140000003426   1               0000000000000000007825000101088X                         0900000000000000000000000000000000000000000000000000000   000000000000000000000026500        180192409314     
0010001300006U 060000000000000000000000000000000000000000000000000000000000000000000000782500000000000779850000000000000000000000000000003007201331072013            000000000000000                              000                           
0010001300007T 06002003000000028629X 24093140000003487   1               00000000000000000007950104014560                         0900000000000000000000000000000000000000000000000000000   000000000000000000000026500        180192409314     
0010001300008U 060000000000000000000000000000000000000000000000000000000000000000000000079500000000000076850000000000000000000000000000003007201331072013            000000000000000                              000                           
0010001300009T 06002003000000028629X 24093140000004818   1               00000000000000000025500001016357                         0900000000000000000000000000000000000000000000000000000   000000000000000000000026500        180192409314     
0010001300010U 060000000000000000000000000000000000000000000000000000000000000000000000255000000000000252350000000000000000000000000000003007201331072013            000000000000000                              000                           
0010001300011T 06002003000000028629X 24093140000005165   1               00000000000000000040050001048445                         0900000000000000000000000000000000000000000000000000000   000000000000000000000026500        180192409314     
0010001300012U 060000000000000000000000000000000000000000000000000000000000000000000000400500000000000397850000000000000000000000000000003007201331072013            000000000000000                              000                           
0010001300013T 06002003000000028629X 24093140000006109   1               00000000000000000008000748022010                         0900000000000000000000000000000000000000000000000000000   000000000000000000000026500        180192409314     
0010001300014U 060000000000000000000000000000000000000000000000000000000000000000000000080000000000000077350000000000000000000000000000003007201331072013            000000000000000                              000                           
0010001300015T 06002003000000028629X 24093140000006113   1               00000000000000000561450001007595                         0900000000000000000000000000000000000000000000000000000   000000000000000000000026500        180192409314     
0010001300016U 060000000000000000000000000000000000000000000000000000000000000000000005614500000000005611850000000000000000000000000000003007201331072013            000000000000000                              000                           
0010001300017T 06002003000000028629X 24093140000006122   1               00000000000000000026450237024720                         0900000000000000000000000000000000000000000000000000000   000000000000000000000026500        180192409314     
0010001300018U 060000000000000000000000000000000000000000000000000000000000000000000000264500000000000261850000000000000000000000000000003007201331072013            000000000000000                              000                           
0010001300019T 06002003000000028629X 24093140000006136   1               00000000000000000084950341003720                         0900000000000000000000000000000000000000000000000000000   000000000000000000000026500        180192409314     
0010001300020U 060000000000000000000000000000000000000000000000000000000000000000000000849500000000000846850000000000000000000000000000003007201331072013            000000000000000                              000                           
0010001300021T 06002003000000028629X 24093140000006157   1               00000000000000000039450237021340                         0900000000000000000000000000000000000000000000000000000   000000000000000000000026500        180192409314     
0010001300022U 060000000000000000000000000000000000000000000000000000000000000000000000394500000000000391850000000000000000000000000000003007201331072013            000000000000000                              000                           
0010001300023T 06002003000000028629X 24093140000006164   1               00000000000000000099450237030550                         0900000000000000000000000000000000000000000000000000000   000000000000000000000026500        180192409314     
0010001300024U 060000000000000000000000000000000000000000000000000000000000000000000000994500000000000991850000000000000000000000000000003007201331072013            000000000000000                              000                           
0010001300025T 06002003000000028629X 24093140000006293   1               00000000000000000008450104032420                         0900000000000000000000000000000000000000000000000000000   000000000000000000000026500        180192409314     
0010001300026U 060000000000000000000000000000000000000000000000000000000000000000000000084500000000000081850000000000000000000000000000003007201331072013            000000000000000                              000                           
0010001300027T 06002003000000028629X 24093140000006364   1               00000000000000000079600237022090                         0900000000000000000000000000000000000000000000000000000   000000000000000000000026500        180192409314     
0010001300028U 060000000000000000000000000000000000000000000000000000000000000000000000796000000000000793350000000000000000000000000000003007201331072013            000000000000000                              000                           
00100015         000030000000000000000000000000000000000000000000000000000000000000000000000000000000000000000000000000000000000000000000000000000                                                                                              
00199999         000001000032000000                                                                                                                                                            00000000000000000000000000000                    
