00100000         2093389990001580024093140014       002003000000028629X SHOW PRESTADORA DE SERVICOS DOBANCO DO BRASIL                         22506201301393800050803000000504290680PROCESSAMEN                                                 
00100011T0100020 20093389990001580024093140014       002003000000028629X SHOW PRESTADORA DE SERVICOS DO                                                                                000000002506201300000000  000000000                      
0010001300001T 06002003000000028629X 24093140000003050   1               00000000000000000050750237006390                         0900000000000000000000000000000000000000000000000000000   000000000000000000000018500        180192409314     
0010001300002U 060000000000000000000000000000000000000000000000000000000000000000000000507500000000000505650000000000000000000000000000002506201326062013            000000000000000                              000                           
0010001300003T 06002003000000028629X 24093140000003401   1               00000000000000000089999237021080                         0900000000000000000000000000000000000000000000000000000   000000000000000000000018500        180192409314     
0010001300004U 060000000000000000000000000000000000000000000000000000000000000000000000899990000000000898140000000000000000000000000000002506201326062013            000000000000000                              000                           
0010001300005T 06002003000000028629X 24093140000003405   1               00000000000000000178450237028910                         0900000000000000000000000000000000000000000000000000000   000000000000000000000018500        180192409314     
0010001300006U 060000000000000000000000000000000000000000000000000000000000000000000001784500000000001782650000000000000000000000000000002506201326062013            000000000000000                              000                           
0010001300007T 06002003000000028629X 24093140000003406   1               00000000000000000144450001020354                         0900000000000000000000000000000000000000000000000000000   000000000000000000000018500        180192409314     
0010001300008U 060000000000000000000000000000000000000000000000000000000000000000000001444500000000001442650000000000000000000000000000002506201326062013            000000000000000                              000                           
0010001300009T 06002003000000028629X 24093140000003420   1               00000000000000000161950748022010                         0900000000000000000000000000000000000000000000000000000   000000000000000000000018500        180192409314     
0010001300010U 060000000000000000000000000000000000000000000000000000000000000000000001619500000000001617650000000000000000000000000000002506201326062013            000000000000000                              000                           
0010001300011T 06002003000000028629X 24093140000003429   1               00000000000000000064450104032420                         0900000000000000000000000000000000000000000000000000000   000000000000000000000018500        180192409314     
0010001300012U 060000000000000000000000000000000000000000000000000000000000000000000000644500000000000642650000000000000000000000000000002506201326062013            000000000000000                              000                           
0010001300013T 06002003000000028629X 24093140000003448   1               00000000000000000010350104048230                         0900000000000000000000000000000000000000000000000000000   000000000000000000000018500        180192409314     
0010001300014U 060000000000000000000000000000000000000000000000000000000000000000000000103500000000000101650000000000000000000000000000002506201326062013            000000000000000                              000                           
0010001300015T 06002003000000028629X 24093140000003933   1               00000000000000000161950748022010                         0900000000000000000000000000000000000000000000000000000   000000000000000000000018500        180192409314     
0010001300016U 060000000000000000000000000000000000000000000000000000000000000000000001619500000000001617650000000000000000000000000000002506201326062013            000000000000000                              000                           
00100015         000018000000000000000000000000000000000000000000000000000000000000000000000000000000000000000000000000000000000000000000000000000                                                                                              
00199999         000001000020000000                                                                                                                                                            00000000000000000000000000000                    
