00100000         2093389990001580024093140014       002003000000028629X SHOW PRESTADORA DE SERVICOS DOBANCO DO BRASIL                         21405201301385700045103000000504290680PROCESSAMEN                                                 
00100011T0100020 20093389990001580024093140014       002003000000028629X SHOW PRESTADORA DE SERVICOS DO                                                                                000000001405201300000000  000000000                      
0010001300001T 06002003000000028629X 24093140000002762   1               0000000000000000000745000108347X                         0900000000000000000000000000000000000000000000000000000   000000000000000000000018500        180192409314     
0010001300002U 060000000000002250000000000000000000000000000000000000000000000000000000076750000000000074900000000000000000000000000000001405201315052013            000000000000000                              000                           
0010001300003T 06002003000000028629X 24093140000002982   1               0000000000000000006045000100278X                         0900000000000000000000000000000000000000000000000000000   000000000000000000000018500        180192409314     
0010001300004U 060000000000000000000000000000000000000000000000000000000000000000000000604500000000000602650000000000000000000000000000001405201315052013            000000000000000                              000                           
0010001300005T 06002003000000028629X 24093140000004064   1               00000000000000000075000001031658                         0900000000000000000000000000000000000000000000000000000   000000000000000000000018500        180192409314     
0010001300006U 060000000000000000000000000000000000000000000000000000000000000000000000750000000000000748150000000000000000000000000000001405201315052013            000000000000000                              000                           
00100015         000008000000000000000000000000000000000000000000000000000000000000000000000000000000000000000000000000000000000000000000000000000                                                                                              
00199999         000001000010000000                                                                                                                                                            00000000000000000000000000000                    
