00100000         2093389990001580024093140014       002003000000028629X SHOW PRESTADORA DE SERVICOS DOBANCO DO BRASIL                         22008201202415800009603000000504290680PROCESSAMEN                                                 
00100011T0100020 20093389990001580024093140014       002003000000028629X SHOW PRESTADORA DE SERVICOS DO                                                                                000000002008201200000000  000000000                      
0010001300001T 06002003000000028629X 24093140000000391   1               00000000000000000014250001083607                         0900000000000000000000000000000000000000000000000000000   000000000000000000000024000        180192409314     
0010001300002U 060000000000006550000000000000000000000000000000000000000000000000000000149050000000000146650000000000000000000000000000002008201221082012            000000000000000                              000                           
0010001300003T 06002003000000028629X 24093140000000515   1               00000000000000000048450001007595                         0900000000000000000000000000000000000000000000000000000   000000000000000000000024000        180192409314     
0010001300004U 060000000000000000000000000000000000000000000000000000000000000000000000484500000000000482100000000000000000000000000000002008201221082012            000000000000000                              000                           
0010001300005T 06002003000000028629X 24093140000000517   1               00000000000000000010350001012343                         0900000000000000000000000000000000000000000000000000000   000000000000000000000024000        180192409314     
0010001300006U 060000000000000000000000000000000000000000000000000000000000000000000000103500000000000101100000000000000000000000000000002008201221082012            000000000000000                              000                           
0010001300007T 06002003000000028629X 24093140000000520   1               00000000000000000059650001043621                         0900000000000000000000000000000000000000000000000000000   000000000000000000000024000        180192409314     
0010001300008U 060000000000000000000000000000000000000000000000000000000000000000000000596500000000000594100000000000000000000000000000002008201221082012            000000000000000                              000                           
0010001300009T 06002003000000028629X 24093140000000521   1               00000000000000000073875237010380                         0900000000000000000000000000000000000000000000000000000   000000000000000000000024000        180192409314     
0010001300010U 060000000000000000000000000000000000000000000000000000000000000000000000738750000000000736350000000000000000000000000000002008201221082012            000000000000000                              000                           
0010001300011T 06002003000000028629X 24093140000000540   1               0000000000000000001155000100099X                         0900000000000000000000000000000000000000000000000000000   000000000000000000000024000        180192409314     
0010001300012U 060000000000000000000000000000000000000000000000000000000000000000000000115500000000000113100000000000000000000000000000002008201221082012            000000000000000                              000                           
0010001300013T 06002003000000028629X 24093140000000541   1               00000000000000000049950237021050                         0900000000000000000000000000000000000000000000000000000   000000000000000000000024000        180192409314     
0010001300014U 060000000000000000000000000000000000000000000000000000000000000000000000499500000000000497100000000000000000000000000000002008201221082012            000000000000000                              000                           
0010001300015T 06002003000000028629X 24093140000000543   1               00000000000000000044850104000400                         0900000000000000000000000000000000000000000000000000000   000000000000000000000024000        180192409314     
0010001300016U 060000000000000000000000000000000000000000000000000000000000000000000000448500000000000446100000000000000000000000000000002008201221082012            000000000000000                              000                           
0010001300017T 06002003000000028629X 24093140000000546   1               00000000000000000008000748022010                         0900000000000000000000000000000000000000000000000000000   000000000000000000000024000        180192409314     
0010001300018U 060000000000000000000000000000000000000000000000000000000000000000000000080000000000000077600000000000000000000000000000002008201221082012            000000000000000                              000                           
0010001300019T 06002003000000028629X 24093140000000547   1               00000000000000000047850104000410                         0900000000000000000000000000000000000000000000000000000   000000000000000000000024000        180192409314     
0010001300020U 060000000000000000000000000000000000000000000000000000000000000000000000478500000000000476100000000000000000000000000000002008201221082012            000000000000000                              000                           
0010001300021T 06002003000000028629X 24093140000000548   1               00000000000000000015800104007350                         0900000000000000000000000000000000000000000000000000000   000000000000000000000024000        180192409314     
0010001300022U 060000000000000000000000000000000000000000000000000000000000000000000000158000000000000155600000000000000000000000000000002008201221082012            000000000000000                              000                           
0010001300023T 06002003000000028629X 24093140000000550   1               00000000000000000056450237011020                         0900000000000000000000000000000000000000000000000000000   000000000000000000000024000        180192409314     
0010001300024U 060000000000000000000000000000000000000000000000000000000000000000000000564500000000000562100000000000000000000000000000002008201221082012            000000000000000                              000                           
0010001300025T 06002003000000028629X 24093140000000553   1               00000000000000000026450104007290                         0900000000000000000000000000000000000000000000000000000   000000000000000000000024000        180192409314     
0010001300026U 060000000000000000000000000000000000000000000000000000000000000000000000264500000000000262100000000000000000000000000000002008201221082012            000000000000000                              000                           
0010001300027T 06002003000000028629X 24093140000000563   1               00000000000000000094950237010610                         0900000000000000000000000000000000000000000000000000000   000000000000000000000024000        180192409314     
0010001300028U 060000000000000000000000000000000000000000000000000000000000000000000000949500000000000947100000000000000000000000000000002008201221082012            000000000000000                              000                           
0010001300029T 06002003000000028629X 24093140000000564   1               00000000000000000403450104007290                         0900000000000000000000000000000000000000000000000000000   000000000000000000000024000        180192409314     
0010001300030U 060000000000000000000000000000000000000000000000000000000000000000000004034500000000004032100000000000000000000000000000002008201221082012            000000000000000                              000                           
0010001300031T 06002003000000028629X 24093140000000567   1               00000000000000000027450001007595                         0900000000000000000000000000000000000000000000000000000   000000000000000000000024000        180192409314     
0010001300032U 060000000000000000000000000000000000000000000000000000000000000000000000274500000000000272100000000000000000000000000000002008201221082012            000000000000000                              000                           
0010001300033T 06002003000000028629X 24093140000000568   1               00000000000000000018450001007595                         0900000000000000000000000000000000000000000000000000000   000000000000000000000024000        180192409314     
0010001300034U 060000000000000000000000000000000000000000000000000000000000000000000000184500000000000182100000000000000000000000000000002008201221082012            000000000000000                              000                           
00100015         000036000000000000000000000000000000000000000000000000000000000000000000000000000000000000000000000000000000000000000000000000000                                                                                              
00199999         000001000038000000                                                                                                                                                            00000000000000000000000000000                    
