00100000         2093389990001580024093140014       002003000000028629X SHOW PRESTADORA DE SERVICOS DOBANCO DO BRASIL                         23105201302330300047503000000504290680PROCESSAMEN                                                 
00100011T0100020 20093389990001580024093140014       002003000000028629X SHOW PRESTADORA DE SERVICOS DO                                                                                000000003105201300000000  000000000                      
0010001300001T 06002003000000028629X 24093140000002138   1               00000000000000000030450237015630                         0900000000000000000000000000000000000000000000000000000   0000000000000000000000185          180192409314     
0010001300002U 060000000000000000000000000000000000000000000000000000000000000000000000304500000000000302650000000000000000000000000000003105201303062013            000000000000000                              000                           
0010001300003T 06002003000000028629X 24093140000002139   1               00000000000000000471500001007595                         0900000000000000000000000000000000000000000000000000000   0000000000000000000000185          180192409314     
0010001300004U 060000000000000000000000000000000000000000000000000000000000000000000004715000000000004713150000000000000000000000000000003105201303062013            000000000000000                              000                           
0010001300005T 06002003000000028629X 24093140000002148   1               00000000000000000026450237024720                         0900000000000000000000000000000000000000000000000000000   0000000000000000000000185          180192409314     
0010001300006U 060000000000000000000000000000000000000000000000000000000000000000000000264500000000000262650000000000000000000000000000003105201303062013            000000000000000                              000                           
0010001300007T 06002003000000028629X 24093140000002167   1               00000000000000000084950237024720                         0900000000000000000000000000000000000000000000000000000   0000000000000000000000185          180192409314     
0010001300008U 060000000000000000000000000000000000000000000000000000000000000000000000849500000000000847650000000000000000000000000000003105201303062013            000000000000000                              000                           
0010001300009T 06002003000000028629X 24093140000002182   1               00000000000000000025500001016357                         0900000000000000000000000000000000000000000000000000000   0000000000000000000000185          180192409314     
0010001300010U 060000000000000000000000000000000000000000000000000000000000000000000000255000000000000253150000000000000000000000000000003105201303062013            000000000000000                              000                           
0010001300011T 06002003000000028629X 24093140000002184   1               0000000000000000007825000101088X                         0900000000000000000000000000000000000000000000000000000   0000000000000000000000185          180192409314     
0010001300012U 060000000000000000000000000000000000000000000000000000000000000000000000782500000000000780650000000000000000000000000000003105201303062013            000000000000000                              000                           
0010001300013T 06002003000000028629X 24093140000002187   1               00000000000000000039450237032240                         0900000000000000000000000000000000000000000000000000000   0000000000000000000000185          180192409314     
0010001300014U 060000000000000000000000000000000000000000000000000000000000000000000000394500000000000392650000000000000000000000000000003105201303062013            000000000000000                              000                           
0010001300015T 06002003000000028629X 24093140000002233   1               00000000000000000007950001035025                         0900000000000000000000000000000000000000000000000000000   0000000000000000000000185          180192409314     
0010001300016U 060000000000000000000000000000000000000000000000000000000000000000000000079500000000000077650000000000000000000000000000003105201303062013            000000000000000                              000                           
00100015         000018000000000000000000000000000000000000000000000000000000000000000000000000000000000000000000000000000000000000000000000000000                                                                                              
00199999         000001000020000000                                                                                                                                                            00000000000000000000000000000                    
