00100000         2093389990001580024093140014       002003000000028629X SHOW PRESTADORA DE SERVICOS DOBANCO DO BRASIL                         21009201204270500012203000000504290680PROCESSAMEN                                                 
00100011T0100020 20093389990001580024093140014       002003000000028629X SHOW PRESTADORA DE SERVICOS DO                                                                                000000001009201200000000  000000000                      
0010001300001T 06002003000000028629X 24093140000000594   1               00000000000000000099000237011040                         0900000000000000000000000000000000000000000000000000000   000000000000000000000024000        180192409314     
0010001300002U 060000000000000000000000000000000000000000000000000000000000000000000000990000000000000987600000000000000000000000000000001009201211092012            000000000000000                              000                           
0010001300003T 06002003000000028629X 24093140000000615   1               00000000000000000152650001016810                         0900000000000000000000000000000000000000000000000000000   000000000000000000000024000        180192409314     
0010001300004U 060000000000000000000000000000000000000000000000000000000000000000000001526500000000001524100000000000000000000000000000001009201211092012            000000000000000                              000                           
0010001300005T 06002003000000028629X 24093140000000617   1               00000000000000000167450237017290                         0900000000000000000000000000000000000000000000000000000   000000000000000000000024000        180192409314     
0010001300006U 060000000000000000000000000000000000000000000000000000000000000000000001674500000000001672100000000000000000000000000000001009201211092012            000000000000000                              000                           
0010001300007T 06002003000000028629X 24093140000000619   1               00000000000000000198450237030550                         0900000000000000000000000000000000000000000000000000000   000000000000000000000024000        180192409314     
0010001300008U 060000000000000000000000000000000000000000000000000000000000000000000001984500000000001982100000000000000000000000000000001009201211092012            000000000000000                              000                           
0010001300009T 06002003000000028629X 24093140000000641   1               00000000000000000098350341049940                         0900000000000000000000000000000000000000000000000000000   000000000000000000000024000        180192409314     
0010001300010U 060000000000000000000000000000000000000000000000000000000000000000000000983500000000000981100000000000000000000000000000001009201211092012            000000000000000                              000                           
00100015         000012000000000000000000000000000000000000000000000000000000000000000000000000000000000000000000000000000000000000000000000000000                                                                                              
00199999         000001000014000000                                                                                                                                                            00000000000000000000000000000                    
