00100000         2093389990001580024093140014       002003000000028629X SHOW PRESTADORA DE SERVICOS DOBANCO DO BRASIL                         22008201301450400058803000000504290680PROCESSAMEN                                                 
00100011T0100020 20093389990001580024093140014       002003000000028629X SHOW PRESTADORA DE SERVICOS DO                                                                                000000002008201300000000  000000000                      
0010001300001T 06002003000000028629X 24093140000002205   1               00000000000000000015450104019140                         0900000000000000000000000000000000000000000000000000000   000000000000000000000026500        180192409314     
0010001300002U 060000000000000000000000000000000000000000000000000000000000000000000000154500000000000151850000000000000000000000000000002008201321082013            000000000000000                              000                           
0010001300003T 06002003000000028629X 24093140000004783   1               00000000000000000015000748022010                         0900000000000000000000000000000000000000000000000000000   000000000000000000000026500        180192409314     
0010001300004U 060000000000000000000000000000000000000000000000000000000000000000000000150000000000000147350000000000000000000000000000002008201321082013            000000000000000                              000                           
0010001300005T 06002003000000028629X 24093140000004955   1               00000000000000000020700001031658                         0900000000000000000000000000000000000000000000000000000   000000000000000000000026500        180192409314     
0010001300006U 060000000000000000000000000000000000000000000000000000000000000000000000207000000000000204350000000000000000000000000000002008201321082013            000000000000000                              000                           
0010001300007T 06002003000000028629X 24093140000005304   1               0000000000000000001155000100099X                         0900000000000000000000000000000000000000000000000000000   000000000000000000000026500        180192409314     
0010001300008U 060000000000000000000000000000000000000000000000000000000000000000000000115500000000000112850000000000000000000000000000002008201321082013            000000000000000                              000                           
0010001300009T 06002003000000028629X 24093140000005338   1               00000000000000000015250001043621                         0900000000000000000000000000000000000000000000000000000   000000000000000000000026500        180192409314     
0010001300010U 060000000000000000000000000000000000000000000000000000000000000000000000152500000000000149850000000000000000000000000000002008201321082013            000000000000000                              000                           
0010001300011T 06002003000000028629X 24093140000005640   1               00000000000000000263150001043621                         0900000000000000000000000000000000000000000000000000000   000000000000000000000026500        180192409314     
0010001300012U 060000000000000000000000000000000000000000000000000000000000000000000002631500000000002628850000000000000000000000000000002008201321082013            000000000000000                              000                           
0010001300013T 06002003000000028629X 24093140000005673   1               00000000000000000055950001043621                         0900000000000000000000000000000000000000000000000000000   000000000000000000000026500        180192409314     
0010001300014U 060000000000000000000000000000000000000000000000000000000000000000000000559500000000000556850000000000000000000000000000002008201321082013            000000000000000                              000                           
0010001300015T 06002003000000028629X 24093140000006383   1               00000000000000000047850001000639                         0900000000000000000000000000000000000000000000000000000   000000000000000000000026500        180192409314     
0010001300016U 060000000000000000000000000000000000000000000000000000000000000000000000478500000000000475850000000000000000000000000000002008201321082013            000000000000000                              000                           
0010001300017T 06002003000000028629X 24093140000006384   1               00000000000000000056450237011020                         0900000000000000000000000000000000000000000000000000000   000000000000000000000026500        180192409314     
0010001300018U 060000000000000000000000000000000000000000000000000000000000000000000000564500000000000561850000000000000000000000000000002008201321082013            000000000000000                              000                           
0010001300019T 06002003000000028629X 24093140000006395   1               00000000000000000084950104000370                         0900000000000000000000000000000000000000000000000000000   000000000000000000000026500        180192409314     
0010001300020U 060000000000000000000000000000000000000000000000000000000000000000000000849500000000000846850000000000000000000000000000002008201321082013            000000000000000                              000                           
0010001300021T 06002003000000028629X 24093140000006403   1               00000000000000000010350001012343                         0900000000000000000000000000000000000000000000000000000   000000000000000000000026500        180192409314     
0010001300022U 060000000000000000000000000000000000000000000000000000000000000000000000103500000000000100850000000000000000000000000000002008201321082013            000000000000000                              000                           
0010001300023T 06002003000000028629X 24093140000006404   1               00000000000000000161950748022010                         0900000000000000000000000000000000000000000000000000000   000000000000000000000026500        180192409314     
0010001300024U 060000000000000000000000000000000000000000000000000000000000000000000001619500000000001616850000000000000000000000000000002008201321082013            000000000000000                              000                           
0010001300025T 06002003000000028629X 24093140000006455   1               00000000000000000008000001016365                         0900000000000000000000000000000000000000000000000000000   000000000000000000000026500        180192409314     
0010001300026U 060000000000000000000000000000000000000000000000000000000000000000000000080000000000000077350000000000000000000000000000002008201321082013            000000000000000                              000                           
0010001300027T 06002003000000028629X 24093140000006464   1               00000000000000000477600001043621                         0900000000000000000000000000000000000000000000000000000   000000000000000000000026500        180192409314     
0010001300028U 060000000000000000000000000000000000000000000000000000000000000000000004776000000000004773350000000000000000000000000000002008201321082013            000000000000000                              000                           
0010001300029T 06002003000000028629X 24093140000006490   1               00000000000000000010350001016810                         0900000000000000000000000000000000000000000000000000000   000000000000000000000026500        180192409314     
0010001300030U 060000000000000000000000000000000000000000000000000000000000000000000000103500000000000100850000000000000000000000000000002008201321082013            000000000000000                              000                           
0010001300031T 06002003000000028629X 24093140000006506   1               00000000000000000016000237011020                         0900000000000000000000000000000000000000000000000000000   000000000000000000000026500        180192409314     
0010001300032U 060000000000000000000000000000000000000000000000000000000000000000000000160000000000000157350000000000000000000000000000002008201321082013            000000000000000                              000                           
0010001300033T 06002003000000028629X 24093140000006507   1               00000000000000000395900104006170                         0900000000000000000000000000000000000000000000000000000   000000000000000000000026500        180192409314     
0010001300034U 060000000000000000000000000000000000000000000000000000000000000000000003959000000000003956350000000000000000000000000000002008201321082013            000000000000000                              000                           
0010001300035T 06002003000000028629X 24093140000006508   1               00000000000000000019950104007290                         0900000000000000000000000000000000000000000000000000000   000000000000000000000026500        180192409314     
0010001300036U 060000000000000000000000000000000000000000000000000000000000000000000000199500000000000196850000000000000000000000000000002008201321082013            000000000000000                              000                           
0010001300037T 06002003000000028629X 24093140000006510   1               00000000000000000013000237034110                         0900000000000000000000000000000000000000000000000000000   000000000000000000000026500        180192409314     
0010001300038U 060000000000000000000000000000000000000000000000000000000000000000000000130000000000000127350000000000000000000000000000002008201321082013            000000000000000                              000                           
0010001300039T 06002003000000028629X 24093140000006518   1               00000000000000000030150237020090                         0900000000000000000000000000000000000000000000000000000   000000000000000000000026500        180192409314     
0010001300040U 060000000000000000000000000000000000000000000000000000000000000000000000301500000000000298850000000000000000000000000000002008201321082013            000000000000000                              000                           
00100015         000042000000000000000000000000000000000000000000000000000000000000000000000000000000000000000000000000000000000000000000000000000                                                                                              
00199999         000001000044000000                                                                                                                                                            00000000000000000000000000000                    
