00100000         2093389990001580024093140014       002003000000028629X SHOW PRESTADORA DE SERVICOS DOBANCO DO BRASIL                         22611201203000700022503000000504290680PROCESSAMEN                                                 
00100011T0100020 20093389990001580024093140014       002003000000028629X SHOW PRESTADORA DE SERVICOS DO                                                                                000000002611201200000000  000000000                      
0010001300001T 06002003000000028629X 24093140000000825   1               00000000000000000038499104000370                         0900000000000000000000000000000000000000000000000000000   000000000000000000000024000        180192409314     
0010001300002U 060000000000000000000000000000000000000000000000000000000000000000000000384990000000000382590000000000000000000000000000002611201227112012            000000000000000                              000                           
0010001300003T 06002003000000028629X 24093140000000833   1               00000000000000000036450001046361                         0900000000000000000000000000000000000000000000000000000   000000000000000000000024000        180192409314     
0010001300004U 060000000000008020000000000000000000000000000000000000000000000000000000372520000000000370120000000000000000000000000000002611201227112012            000000000000000                              000                           
0010001300005T 06002003000000028629X 24093140000000874   1               00000000000000000117450237011040                         0900000000000000000000000000000000000000000000000000000   000000000000000000000024000        180192409314     
0010001300006U 060000000000000000000000000000000000000000000000000000000000000000000001174500000000001172100000000000000000000000000000002611201227112012            000000000000000                              000                           
0010001300007T 06002003000000028629X 24093140000000905   1               00000000000000000064000104027580                         0900000000000000000000000000000000000000000000000000000   000000000000000000000024000        180192409314     
0010001300008U 060000000000000000000000000000000000000000000000000000000000000000000000640000000000000637600000000000000000000000000000002611201227112012            000000000000000                              000                           
0010001300009T 06002003000000028629X 24093140000000944   1               00000000000000000107450237028910                         0900000000000000000000000000000000000000000000000000000   000000000000000000000024000        180192409314     
0010001300010U 060000000000000000000000000000000000000000000000000000000000000000000001074500000000001072100000000000000000000000000000002611201227112012            000000000000000                              000                           
0010001300011T 06002003000000028629X 24093140000000945   1               00000000000000000089999237021080                         0900000000000000000000000000000000000000000000000000000   000000000000000000000024000        180192409314     
0010001300012U 060000000000000000000000000000000000000000000000000000000000000000000000899990000000000897590000000000000000000000000000002611201227112012            000000000000000                              000                           
00100015         000014000000000000000000000000000000000000000000000000000000000000000000000000000000000000000000000000000000000000000000000000000                                                                                              
00199999         000001000016000000                                                                                                                                                            00000000000000000000000000000                    
