00100000         2093389990001580024093140014       002003000000028629X SHOW PRESTADORA DE SERVICOS DOBANCO DO BRASIL                         21302201304103700032803000000504290680PROCESSAMEN                                                 
00100011T0100020 20093389990001580024093140014       002003000000028629X SHOW PRESTADORA DE SERVICOS DO                                                                                000000001302201300000000  000000000                      
0010001300001T 06002003000000028629X 24093140000001319   1               00000000000000000114450033009740                         0900000000000000000000000000000000000000000000000000000   000000000000000000000018500        180192409314     
0010001300002U 060000000000000000000000000000000000000000000000000000000000000000000001144500000000001142650000000000000000000000000000001302201314022013            000000000000000                              000                           
0010001300003T 06002003000000028629X 24093140000001338   1               00000000000000000045450104000410                         0900000000000000000000000000000000000000000000000000000   000000000000000000000018500        180192409314     
0010001300004U 060000000000000000000000000000000000000000000000000000000000000000000000454500000000000452650000000000000000000000000000001302201314022013            000000000000000                              000                           
0010001300005T 06002003000000028629X 24093140000001350   1               00000000000000000173850237033970                         0900000000000000000000000000000000000000000000000000000   000000000000000000000018500        180192409314     
0010001300006U 060000000000000000000000000000000000000000000000000000000000000000000001738500000000001736650000000000000000000000000000001302201314022013            000000000000000                              000                           
0010001300007T 06002003000000028629X 24093140000001351   1               00000000000000000105000237021050                         0900000000000000000000000000000000000000000000000000000   000000000000000000000018500        180192409314     
0010001300008U 060000000000000000000000000000000000000000000000000000000000000000000001050000000000001048150000000000000000000000000000001302201314022013            000000000000000                              000                           
0010001300009T 06002003000000028629X 24093140000001471   1               0000000000000000017845000109417X                         0900000000000000000000000000000000000000000000000000000   000000000000000000000018500        180192409314     
0010001300010U 060000000000000000000000000000000000000000000000000000000000000000000001784500000000001782650000000000000000000000000000001302201314022013            000000000000000                              000                           
00100015         000012000000000000000000000000000000000000000000000000000000000000000000000000000000000000000000000000000000000000000000000000000                                                                                              
00199999         000001000014000000                                                                                                                                                            00000000000000000000000000000                    
