00100000         2093389990001580024093140014       002003000000028629X SHOW PRESTADORA DE SERVICOS DOBANCO DO BRASIL                         22708201301363300059803000000504290680PROCESSAMEN                                                 
00100011T0100020 20093389990001580024093140014       002003000000028629X SHOW PRESTADORA DE SERVICOS DO                                                                                000000002708201300000000  000000000                      
0010001300001T 06002003000000028629X 24093140000004921   1               00000000000000000008000001002003                         0900000000000000000000000000000000000000000000000000000   000000000000000000000026500        180192409314     
0010001300002U 060000000000001790000000000000000000000000000000000000000000000000000000081790000000000079140000000000000000000000000000002708201328082013            000000000000000                              000                           
0010001300003T 06002003000000028629X 24093140000006484   1               00000000000000000007950104000420                         0900000000000000000000000000000000000000000000000000000   000000000000000000000026500        180192409314     
0010001300004U 060000000000000000000000000000000000000000000000000000000000000000000000079500000000000076850000000000000000000000000000002708201328082013            000000000000000                              000                           
0010001300005T 06002003000000028629X 24093140000006488   1               00000000000000000048450001007595                         0900000000000000000000000000000000000000000000000000000   000000000000000000000026500        180192409314     
0010001300006U 060000000000000000000000000000000000000000000000000000000000000000000000484500000000000481850000000000000000000000000000002708201328082013            000000000000000                              000                           
00100015         000008000000000000000000000000000000000000000000000000000000000000000000000000000000000000000000000000000000000000000000000000000                                                                                              
00199999         000001000010000000                                                                                                                                                            00000000000000000000000000000                    
