00100000         2093389990001580024093140014       002003000000028629X SHOW PRESTADORA DE SERVICOS DOBANCO DO BRASIL                         20205201302470600043503000000504290680PROCESSAMEN                                                 
00100011T0100020 20093389990001580024093140014       002003000000028629X SHOW PRESTADORA DE SERVICOS DO                                                                                000000000205201300000000  000000000                      
0010001300001T 06002003000000028629X 24093140000001961   1               00000000000000000040050001048445                         0900000000000000000000000000000000000000000000000000000   000000000000000000000018500        180192409314     
0010001300002U 060000000000000000000000000000000000000000000000000000000000000000000000400500000000000398650000000000000000000000000000000205201303052013            000000000000000                              000                           
0010001300003T 06002003000000028629X 24093140000001979   1               00000000000000000064450707000010                         0900000000000000000000000000000000000000000000000000000   000000000000000000000018500        180192409314     
0010001300004U 060000000000000000000000000000000000000000000000000000000000000000000000644500000000000642650000000000000000000000000000000205201303052013            000000000000000                              000                           
0010001300005T 06002003000000028629X 24093140000002014   1               00000000000000000054000756044800                         0900000000000000000000000000000000000000000000000000000   000000000000000000000018500        180192409314     
0010001300006U 060000000000000000000000000000000000000000000000000000000000000000000000540000000000000538150000000000000000000000000000000205201303052013            000000000000000                              000                           
0010001300007T 06002003000000028629X 24093140000003800   1               00000000000000000015450237038680                         0900000000000000000000000000000000000000000000000000000   000000000000000000000018500        180192409314     
0010001300008U 060000000000000000000000000000000000000000000000000000000000000000000000154500000000000152650000000000000000000000000000000205201303052013            000000000000000                              000                           
00100015         000010000000000000000000000000000000000000000000000000000000000000000000000000000000000000000000000000000000000000000000000000000                                                                                              
00199999         000001000012000000                                                                                                                                                            00000000000000000000000000000                    
