00100000         2093389990001580024093140014       002003000000028629X SHOW PRESTADORA DE SERVICOS DOBANCO DO BRASIL                         20407201301463500052203000000504290680PROCESSAMEN                                                 
00100011T0100020 20093389990001580024093140014       002003000000028629X SHOW PRESTADORA DE SERVICOS DO                                                                                000000000407201300000000  000000000                      
0010001300001T 06002003000000028629X 24093140000002190   1               0000000000000000001160400100099X                         0900000000000000000000000000000000000000000000000000000   000000000000000000000053000        180192409314     
0010001300002U 060000000000000000000000000000000000000000000000000000000000000000000000116040000000000110740000000000000000000000000000000407201305072013            000000000000000                              000                           
0010001300003T 06002003000000028629X 24093140000002191   1               00000000000000000055950104000400                         0900000000000000000000000000000000000000000000000000000   000000000000000000000053000        180192409314     
0010001300004U 060000000000000000000000000000000000000000000000000000000000000000000000559500000000000554200000000000000000000000000000000407201305072013            000000000000000                              000                           
0010001300005T 06002003000000028629X 24093140000003394   1               00000000000000000026450237024720                         0900000000000000000000000000000000000000000000000000000   000000000000000000000053000        180192409314     
0010001300006U 060000000000000000000000000000000000000000000000000000000000000000000000264500000000000259200000000000000000000000000000000407201305072013            000000000000000                              000                           
0010001300007T 06002003000000028629X 24093140000003410   1               00000000000000000084950237024720                         0900000000000000000000000000000000000000000000000000000   000000000000000000000053000        180192409314     
0010001300008U 060000000000000000000000000000000000000000000000000000000000000000000000849500000000000844200000000000000000000000000000000407201305072013            000000000000000                              000                           
0010001300009T 06002003000000028629X 24093140000003430   1               00000000000000000039450237024720                         0900000000000000000000000000000000000000000000000000000   000000000000000000000053000        180192409314     
0010001300010U 060000000000000000000000000000000000000000000000000000000000000000000000394500000000000389200000000000000000000000000000000407201305072013            000000000000000                              000                           
0010001300011T 06002003000000028629X 24093140000005844   1               00000000000000000016000237020070                         0900000000000000000000000000000000000000000000000000000   000000000000000000000053000        180192409314     
0010001300012U 060000000000000000000000000000000000000000000000000000000000000000000000160000000000000154700000000000000000000000000000000407201305072013            000000000000000                              000                           
00100015         000014000000000000000000000000000000000000000000000000000000000000000000000000000000000000000000000000000000000000000000000000000                                                                                              
00199999         000001000016000000                                                                                                                                                            00000000000000000000000000000                    
