00100000         2093389990001580024093140014       002003000000028629X SHOW PRESTADORA DE SERVICOS DOBANCO DO BRASIL                         22608201302555100059603000000504290680PROCESSAMEN                                                 
00100011T0100020 20093389990001580024093140014       002003000000028629X SHOW PRESTADORA DE SERVICOS DO                                                                                000000002608201300000000  000000000                      
0010001300001T 06002003000000028629X 24093140000001574   1               00000000000000000062410104000410                         0900000000000000000000000000000000000000000000000000000   000000000000000000000026500        180192409314     
0010001300002U 060000000000000000000000000000000000000000000000000000000000000000000000624100000000000621450000000000000000000000000000002608201327082013            000000000000000                              000                           
0010001300003T 06002003000000028629X 24093140000003045   1               00000000000000000050750237006390                         0900000000000000000000000000000000000000000000000000000   000000000000000000000026500        180192409314     
0010001300004U 060000000000000000000000000000000000000000000000000000000000000000000000507500000000000504850000000000000000000000000000002608201327082013            000000000000000                              000                           
0010001300005T 06002003000000028629X 24093140000005709   1               00000000000000000064450707000010                         0900000000000000000000000000000000000000000000000000000   000000000000000000000026500        180192409314     
0010001300006U 060000000000000000000000000000000000000000000000000000000000000000000000644500000000000641850000000000000000000000000000002608201327082013            000000000000000                              000                           
0010001300007T 06002003000000028629X 24093140000006387   1               00000000000000000089999237021080                         0900000000000000000000000000000000000000000000000000000   000000000000000000000026500        180192409314     
0010001300008U 060000000000000000000000000000000000000000000000000000000000000000000000899990000000000897340000000000000000000000000000002608201327082013            000000000000000                              000                           
0010001300009T 06002003000000028629X 24093140000006388   1               00000000000000000033450001031658                         0900000000000000000000000000000000000000000000000000000   000000000000000000000026500        180192409314     
0010001300010U 060000000000000000000000000000000000000000000000000000000000000000000000334500000000000331850000000000000000000000000000002608201327082013            000000000000000                              000                           
0010001300011T 06002003000000028629X 24093140000006427   1               00000000000000000114000033009740                         0900000000000000000000000000000000000000000000000000000   000000000000000000000026500        180192409314     
0010001300012U 060000000000000000000000000000000000000000000000000000000000000000000001140000000000001137350000000000000000000000000000002608201327082013            000000000000000                              000                           
0010001300013T 06002003000000028629X 24093140000006493   1               00000000000000000084807237021140                         0900000000000000000000000000000000000000000000000000000   000000000000000000000026500        180192409314     
0010001300014U 060000000000000000000000000000000000000000000000000000000000000000000000848070000000000845420000000000000000000000000000002608201327082013            000000000000000                              000                           
00100015         000016000000000000000000000000000000000000000000000000000000000000000000000000000000000000000000000000000000000000000000000000000                                                                                              
00199999         000001000018000000                                                                                                                                                            00000000000000000000000000000                    
