00100000         2093389990001580024093140014       002003000000028629X SHOW PRESTADORA DE SERVICOS DOBANCO DO BRASIL                         21007201301450300053003000000504290680PROCESSAMEN                                                 
00100011T0100020 20093389990001580024093140014       002003000000028629X SHOW PRESTADORA DE SERVICOS DO                                                                                000000001007201300000000  000000000                      
0010001300001T 06002003000000028629X 24093140000003038   1               00000000000000000032450399017610                         0900000000000000000000000000000000000000000000000000000   000000000000000000000053000        180192409314     
0010001300002U 060000000000000000000000000000000000000000000000000000000000000000000000324500000000000319200000000000000000000000000000001007201311072013            000000000000000                              000                           
0010001300003T 06002003000000028629X 24093140000003454   1               00000000000000000251800104010100                         0900000000000000000000000000000000000000000000000000000   000000000000000000000053000        180192409314     
0010001300004U 060000000000000000000000000000000000000000000000000000000000000000000002518000000000002512700000000000000000000000000000001007201311072013            000000000000000                              000                           
0010001300005T 06002003000000028629X 24093140000003532   1               00000000000000000191350001016810                         0900000000000000000000000000000000000000000000000000000   000000000000000000000053000        180192409314     
0010001300006U 060000000000000000000000000000000000000000000000000000000000000000000001913500000000001908200000000000000000000000000000001007201311072013            000000000000000                              000                           
0010001300007T 06002003000000028629X 24093140000003653   1               00000000000000000024150001002003                         0900000000000000000000000000000000000000000000000000000   000000000000000000000053000        180192409314     
0010001300008U 060000000000000000000000000000000000000000000000000000000000000000000000241500000000000236200000000000000000000000000000001007201311072013            000000000000000                              000                           
0010001300009T 06002003000000028629X 24093140000003935   1               00000000000000000024450341003720                         0900000000000000000000000000000000000000000000000000000   000000000000000000000053000        180192409314     
0010001300010U 060000000000000000000000000000000000000000000000000000000000000000000000244500000000000239200000000000000000000000000000001007201311072013            000000000000000                              000                           
0010001300011T 06002003000000028629X 24093140000003940   1               00000000000000000040783001016365                         0900000000000000000000000000000000000000000000000000000   000000000000000000000053000        180192409314     
0010001300012U 060000000000000000000000000000000000000000000000000000000000000000000000407830000000000402530000000000000000000000000000001007201311072013            000000000000000                              000                           
0010001300013T 06002003000000028629X 24093140000004061   1               00000000000000000145000237021050                         0900000000000000000000000000000000000000000000000000000   000000000000000000000053000        180192409314     
0010001300014U 060000000000000000000000000000000000000000000000000000000000000000000001450000000000001444700000000000000000000000000000001007201311072013            000000000000000                              000                           
0010001300015T 06002003000000028629X 24093140000004499   1               00000000000000000059850237033970                         0900000000000000000000000000000000000000000000000000000   000000000000000000000053000        180192409314     
0010001300016U 060000000000000000000000000000000000000000000000000000000000000000000000598500000000000593200000000000000000000000000000001007201311072013            000000000000000                              000                           
0010001300017T 06002003000000028629X 24093140000006106   1               00000000000000000013600104010100                         0900000000000000000000000000000000000000000000000000000   000000000000000000000053000        180192409314     
0010001300018U 060000000000000000000000000000000000000000000000000000000000000000000000136000000000000130700000000000000000000000000000001007201311072013            000000000000000                              000                           
0010001300019T 06002003000000028629X 24093140000006148   1               00000000000000000061000001012688                         0900000000000000000000000000000000000000000000000000000   000000000000000000000053000        180192409314     
0010001300020U 060000000000000000000000000000000000000000000000000000000000000000000000610000000000000604700000000000000000000000000000001007201311072013            000000000000000                              000                           
0010001300021T 06002003000000028629X 24093140000006172   1               00000000000000000114000033009740                         0900000000000000000000000000000000000000000000000000000   000000000000000000000053000        180192409314     
0010001300022U 060000000000000000000000000000000000000000000000000000000000000000000001140000000000001134700000000000000000000000000000001007201311072013            000000000000000                              000                           
0010001300023T 06002003000000028629X 24093140000006190   1               00000000000000000020250104000360                         0900000000000000000000000000000000000000000000000000000   000000000000000000000053000        180192409314     
0010001300024U 060000000000000000000000000000000000000000000000000000000000000000000000202500000000000197200000000000000000000000000000001007201311072013            000000000000000                              000                           
0010001300025T 06002003000000028629X 24093140000006196   1               00000000000000000007450001016365                         0900000000000000000000000000000000000000000000000000000   000000000000000000000053000        180192409314     
0010001300026U 060000000000000000000000000000000000000000000000000000000000000000000000074500000000000069200000000000000000000000000000001007201311072013            000000000000000                              000                           
00100015         000028000000000000000000000000000000000000000000000000000000000000000000000000000000000000000000000000000000000000000000000000000                                                                                              
00199999         000001000030000000                                                                                                                                                            00000000000000000000000000000                    
