00100000         2093389990001580024093140014       002003000000028629X SHOW PRESTADORA DE SERVICOS DOBANCO DO BRASIL                         22002201301452500033803000000504290680PROCESSAMEN                                                 
00100011T0100020 20093389990001580024093140014       002003000000028629X SHOW PRESTADORA DE SERVICOS DO                                                                                000000002002201300000000  000000000                      
0010001300001T 06002003000000028629X 24093140000001314   1               00000000000000000139050104000380                         0900000000000000000000000000000000000000000000000000000   000000000000000000000018500        180192409314     
0010001300002U 060000000000000000000000000000000000000000000000000000000000000000000001390500000000001388650000000000000000000000000000002002201321022013            000000000000000                              000                           
0010001300003T 06002003000000028629X 24093140000001316   1               0000000000000000001155000100099X                         0900000000000000000000000000000000000000000000000000000   000000000000000000000018500        180192409314     
0010001300004U 060000000000000000000000000000000000000000000000000000000000000000000000115500000000000113650000000000000000000000000000002002201321022013            000000000000000                              000                           
0010001300005T 06002003000000028629X 24093140000001321   1               00000000000000000395900104007290                         0900000000000000000000000000000000000000000000000000000   000000000000000000000018500        180192409314     
0010001300006U 060000000000000000000000000000000000000000000000000000000000000000000003959000000000003957150000000000000000000000000000002002201321022013            000000000000000                              000                           
0010001300007T 06002003000000028629X 24093140000001322   1               00000000000000000019950033046590                         0900000000000000000000000000000000000000000000000000000   000000000000000000000018500        180192409314     
0010001300008U 060000000000000000000000000000000000000000000000000000000000000000000000199500000000000197650000000000000000000000000000002002201321022013            000000000000000                              000                           
0010001300009T 06002003000000028629X 24093140000001325   1               00000000000000000091450237010610                         0900000000000000000000000000000000000000000000000000000   000000000000000000000018500        180192409314     
0010001300010U 060000000000000000000000000000000000000000000000000000000000000000000000914500000000000912650000000000000000000000000000002002201321022013            000000000000000                              000                           
0010001300011T 06002003000000028629X 24093140000001329   1               00000000000000000010350237017290                         0900000000000000000000000000000000000000000000000000000   000000000000000000000018500        180192409314     
0010001300012U 060000000000000000000000000000000000000000000000000000000000000000000000103500000000000101650000000000000000000000000000002002201321022013            000000000000000                              000                           
0010001300013T 06002003000000028629X 24093140000001332   1               00000000000000000022950104000420                         0900000000000000000000000000000000000000000000000000000   000000000000000000000018500        180192409314     
0010001300014U 060000000000000000000000000000000000000000000000000000000000000000000000229500000000000227650000000000000000000000000000002002201321022013            000000000000000                              000                           
0010001300015T 06002003000000028629X 24093140000001335   1               00000000000000000054000104022210                         0900000000000000000000000000000000000000000000000000000   000000000000000000000018500        180192409314     
0010001300016U 060000000000000000000000000000000000000000000000000000000000000000000000540000000000000538150000000000000000000000000000002002201321022013            000000000000000                              000                           
0010001300017T 06002003000000028629X 24093140000001467   1               00000000000000000019500237034110                         0900000000000000000000000000000000000000000000000000000   000000000000000000000018500        180192409314     
0010001300018U 060000000000000000000000000000000000000000000000000000000000000000000000195000000000000193150000000000000000000000000000002002201321022013            000000000000000                              000                           
0010001300019T 06002003000000028629X 24093140000001469   1               00000000000000000048450001007595                         0900000000000000000000000000000000000000000000000000000   000000000000000000000018500        180192409314     
0010001300020U 060000000000000000000000000000000000000000000000000000000000000000000000484500000000000482650000000000000000000000000000002002201321022013            000000000000000                              000                           
0010001300021T 06002003000000028629X 24093140000001476   1               00000000000000000123500341003010                         0900000000000000000000000000000000000000000000000000000   000000000000000000000018500        180192409314     
0010001300022U 060000000000000000000000000000000000000000000000000000000000000000000001235000000000001233150000000000000000000000000000002002201321022013            000000000000000                              000                           
0010001300023T 06002003000000028629X 24093140000001496   1               00000000000000000042500001043613                         0900000000000000000000000000000000000000000000000000000   000000000000000000000018500        180192409314     
0010001300024U 060000000000000000000000000000000000000000000000000000000000000000000000425000000000000423150000000000000000000000000000002002201321022013            000000000000000                              000                           
0010001300025T 06002003000000028629X 24093140000001497   1               00000000000000000127500001043613                         0900000000000000000000000000000000000000000000000000000   000000000000000000000018500        180192409314     
0010001300026U 060000000000000000000000000000000000000000000000000000000000000000000001275000000000001273150000000000000000000000000000002002201321022013            000000000000000                              000                           
0010001300027T 06002003000000028629X 24093140000001504   1               00000000000000000047850001043621                         0900000000000000000000000000000000000000000000000000000   000000000000000000000018500        180192409314     
0010001300028U 060000000000000000000000000000000000000000000000000000000000000000000000478500000000000476650000000000000000000000000000002002201321022013            000000000000000                              000                           
0010001300029T 06002003000000028629X 24093140000001505   1               00000000000000000056450237011020                         0900000000000000000000000000000000000000000000000000000   000000000000000000000018500        180192409314     
0010001300030U 060000000000000000000000000000000000000000000000000000000000000000000000564500000000000562650000000000000000000000000000002002201321022013            000000000000000                              000                           
0010001300031T 06002003000000028629X 24093140000001514   1               00000000000000000007450001031658                         0900000000000000000000000000000000000000000000000000000   000000000000000000000018500        180192409314     
0010001300032U 060000000000000000000000000000000000000000000000000000000000000000000000074500000000000072650000000000000000000000000000002002201321022013            000000000000000                              000                           
0010001300033T 06002003000000028629X 24093140000001515   1               00000000000000000065568001043613                         0900000000000000000000000000000000000000000000000000000   000000000000000000000018500        180192409314     
0010001300034U 060000000000000000000000000000000000000000000000000000000000000000000000655680000000000653830000000000000000000000000000002002201321022013            000000000000000                              000                           
0010001300035T 06002003000000028629X 24093140000001525   1               00000000000000000027450237015940                         0900000000000000000000000000000000000000000000000000000   000000000000000000000018500        180192409314     
0010001300036U 060000000000000000000000000000000000000000000000000000000000000000000000274500000000000272650000000000000000000000000000002002201321022013            000000000000000                              000                           
0010001300037T 06002003000000028629X 24093140000001526   1               00000000000000000018450004000530                         0900000000000000000000000000000000000000000000000000000   000000000000000000000018500        180192409314     
0010001300038U 060000000000000000000000000000000000000000000000000000000000000000000000184500000000000182650000000000000000000000000000002002201321022013            000000000000000                              000                           
0010001300039T 06002003000000028629X 24093140000001533   1               00000000000000000059650001043621                         0900000000000000000000000000000000000000000000000000000   000000000000000000000018500        180192409314     
0010001300040U 060000000000000000000000000000000000000000000000000000000000000000000000596500000000000594650000000000000000000000000000002002201321022013            000000000000000                              000                           
0010001300041T 06002003000000028629X 24093140000001534   1               00000000000000000015250001043621                         0900000000000000000000000000000000000000000000000000000   000000000000000000000018500        180192409314     
0010001300042U 060000000000000000000000000000000000000000000000000000000000000000000000152500000000000150650000000000000000000000000000002002201321022013            000000000000000                              000                           
0010001300043T 06002003000000028629X 24093140000001550   1               00000000000000000274250001043621                         0900000000000000000000000000000000000000000000000000000   000000000000000000000018500        180192409314     
0010001300044U 060000000000000000000000000000000000000000000000000000000000000000000002742500000000002740650000000000000000000000000000002002201321022013            000000000000000                              000                           
0010001300045T 06002003000000028629X 24093140000001552   1               00000000000000000044850104000400                         0900000000000000000000000000000000000000000000000000000   000000000000000000000018500        180192409314     
0010001300046U 060000000000000000000000000000000000000000000000000000000000000000000000448500000000000446650000000000000000000000000000002002201321022013            000000000000000                              000                           
0010001300047T 06002003000000028629X 24093140000001556   1               00000000000000000015800104007350                         0900000000000000000000000000000000000000000000000000000   000000000000000000000018500        180192409314     
0010001300048U 060000000000000000000000000000000000000000000000000000000000000000000000158000000000000156150000000000000000000000000000002002201321022013            000000000000000                              000                           
0010001300049T 06002003000000028629X 24093140000001568   1               00000000000000000028050033030900                         0900000000000000000000000000000000000000000000000000000   000000000000000000000018500        180192409314     
0010001300050U 060000000000000000000000000000000000000000000000000000000000000000000000280500000000000278650000000000000000000000000000002002201321022013            000000000000000                              000                           
00100015         000052000000000000000000000000000000000000000000000000000000000000000000000000000000000000000000000000000000000000000000000000000                                                                                              
00199999         000001000054000000                                                                                                                                                            00000000000000000000000000000                    
