00100000         2093389990001580024093140014       002003000000028629X SHOW PRESTADORA DE SERVICOS DOBANCO DO BRASIL                         22507201301515200055203000000504290680PROCESSAMEN                                                 
00100011T0100020 20093389990001580024093140014       002003000000028629X SHOW PRESTADORA DE SERVICOS DO                                                                                000000002507201300000000  000000000                      
0010001300001T 06002003000000028629X 24093140000003044   1               00000000000000000050750001016349                         0900000000000000000000000000000000000000000000000000000   000000000000000000000053000        180192409314     
0010001300002U 060000000000000000000000000000000000000000000000000000000000000000000000507500000000000502200000000000000000000000000000002507201326072013            000000000000000                              000                           
0010001300003T 06002003000000028629X 24093140000006102   1               00000000000000000009450237010530                         0900000000000000000000000000000000000000000000000000000   000000000000000000000053000        180192409314     
0010001300004U 060000000000000000000000000000000000000000000000000000000000000000000000094500000000000089200000000000000000000000000000002507201326072013            000000000000000                              000                           
0010001300005T 06002003000000028629X 24093140000006128   1               00000000000000000089999237021080                         0900000000000000000000000000000000000000000000000000000   000000000000000000000053000        180192409314     
0010001300006U 060000000000000000000000000000000000000000000000000000000000000000000000899990000000000894690000000000000000000000000000002507201326072013            000000000000000                              000                           
0010001300007T 06002003000000028629X 24093140000006132   1               00000000000000000158450237028910                         0900000000000000000000000000000000000000000000000000000   000000000000000000000053000        180192409314     
0010001300008U 060000000000000000000000000000000000000000000000000000000000000000000001584500000000001579200000000000000000000000000000002507201326072013            000000000000000                              000                           
0010001300009T 06002003000000028629X 24093140000006133   1               00000000000000000144450001020354                         0900000000000000000000000000000000000000000000000000000   000000000000000000000053000        180192409314     
0010001300010U 060000000000000000000000000000000000000000000000000000000000000000000001444500000000001439200000000000000000000000000000002507201326072013            000000000000000                              000                           
00100015         000012000000000000000000000000000000000000000000000000000000000000000000000000000000000000000000000000000000000000000000000000000                                                                                              
00199999         000001000014000000                                                                                                                                                            00000000000000000000000000000                    
