00100000         2093389990001580024093140014       002003000000028629X SHOW PRESTADORA DE SERVICOS DOBANCO DO BRASIL                         21611201202391000021303000000504290680PROCESSAMEN                                                 
00100011T0100020 20093389990001580024093140014       002003000000028629X SHOW PRESTADORA DE SERVICOS DO                                                                                000000001611201200000000  000000000                      
0010001300001T 06002003000000028629X 24093140000000826   1               00000000000000000023700001002003                         0900000000000000000000000000000000000000000000000000000   000000000000000000000024000        180192409314     
0010001300002U 060000000000004900000000000000000000000000000000000000000000000000000000241900000000000239500000000000000000000000000000001611201219112012            000000000000000                              000                           
0010001300003T 06002003000000028629X 24093140000000887   1               00000000000000000008450004001720                         0900000000000000000000000000000000000000000000000000000   000000000000000000000024000        180192409314     
0010001300004U 060000000000000000000000000000000000000000000000000000000000000000000000084500000000000082100000000000000000000000000000001611201219112012            000000000000000                              000                           
00100015         000006000000000000000000000000000000000000000000000000000000000000000000000000000000000000000000000000000000000000000000000000000                                                                                              
00199999         000001000008000000                                                                                                                                                            00000000000000000000000000000                    
