00100000         2093389990001580024093140014       002003000000028629X SHOW PRESTADORA DE SERVICOS DOBANCO DO BRASIL                         22307201202452600005703000000504290680PROCESSAMEN                                                 
00100011T0100020 20093389990001580024093140014       002003000000028629X SHOW PRESTADORA DE SERVICOS DO                                                                                000000002307201200000000  000000000                      
0010001300001T 06002003000000028629X 24093140000000223   1               00000000000000000076496001043613                         0900000000000000000000000000000000000000000000000000000   000000000000000000000024000        180192409314     
0010001300002U 060000000000000000000000000000000000000000000000000000000000000000000000764960000000000762560000000000000000000000000000002307201224072012            000000000000000                              000                           
0010001300003T 06002003000000028629X 24093140000000246   1               00000000000000000010350001012343                         0900000000000000000000000000000000000000000000000000000   000000000000000000000024000        180192409314     
0010001300004U 060000000000002170000000000000000000000000000000000000000000000000000000105670000000000103270000000000000000000000000000002307201224072012            000000000000000                              000                           
0010001300005T 06002003000000028629X 24093140000000261   1               00000000000000000009900104000420                         0900000000000000000000000000000000000000000000000000000   000000000000000000000024000        180192409314     
0010001300006U 060000000000000000000000000000000000000000000000000000000000000000000000099000000000000096600000000000000000000000000000002307201224072012            000000000000000                              000                           
00100015         000008000000000000000000000000000000000000000000000000000000000000000000000000000000000000000000000000000000000000000000000000000                                                                                              
00199999         000001000010000000                                                                                                                                                            00000000000000000000000000000                    
