00100000         2093389990001580024093140014       002003000000028629X SHOW PRESTADORA DE SERVICOS DOBANCO DO BRASIL                         22407201203585300005903000000504290680PROCESSAMEN                                                 
00100011T0100020 20093389990001580024093140014       002003000000028629X SHOW PRESTADORA DE SERVICOS DO                                                                                000000002407201200000000  000000000                      
0010001300001T 06002003000000028629X 24093140000000224   1               00000000000000000079450237011040                         0900000000000000000000000000000000000000000000000000000   000000000000000000000024000        180192409314     
0010001300002U 060000000000000000000000000000000000000000000000000000000000000000000000794500000000000792100000000000000000000000000000002407201225072012            000000000000000                              000                           
0010001300003T 06002003000000028629X 24093140000000260   1               00000000000000000018250237009060                         0900000000000000000000000000000000000000000000000000000   000000000000000000000024000        180192409314     
0010001300004U 060000000000000000000000000000000000000000000000000000000000000000000000182500000000000180100000000000000000000000000000002407201225072012            000000000000000                              000                           
0010001300005T 06002003000000028629X 24093140000000374   1               00000000000000000090450237030550                         0900000000000000000000000000000000000000000000000000000   000000000000000000000024000        180192409314     
0010001300006U 060000000000000000000000000000000000000000000000000000000000000000000000904500000000000902100000000000000000000000000000002407201225072012            000000000000000                              000                           
00100015         000008000000000000000000000000000000000000000000000000000000000000000000000000000000000000000000000000000000000000000000000000000                                                                                              
00199999         000001000010000000                                                                                                                                                            00000000000000000000000000000                    
