00100000         2093389990001580024093140014       002003000000028629X SHOW PRESTADORA DE SERVICOS DOBANCO DO BRASIL                         21508201301485700058203000000504290680PROCESSAMEN                                                 
00100011T0100020 20093389990001580024093140014       002003000000028629X SHOW PRESTADORA DE SERVICOS DO                                                                                000000001508201300000000  000000000                      
0010001300001T 06002003000000028629X 24093140000005845   1               00000000000000000016000237020070                         0900000000000000000000000000000000000000000000000000000   000000000000000000000026500        180192409314     
0010001300002U 060000000000000000000000000000000000000000000000000000000000000000000000160000000000000157350000000000000000000000000000001508201316082013            000000000000000                              000                           
0010001300003T 06002003000000028629X 24093140000006491   1               00000000000000000020910104000360                         0900000000000000000000000000000000000000000000000000000   000000000000000000000026500        180192409314     
0010001300004U 060000000000000000000000000000000000000000000000000000000000000000000000209100000000000206450000000000000000000000000000001508201316082013            000000000000000                              000                           
0010001300005T 06002003000000028629X 24093140000006504   1               00000000000000000015450104019140                         0900000000000000000000000000000000000000000000000000000   000000000000000000000026500        180192409314     
0010001300006U 060000000000000000000000000000000000000000000000000000000000000000000000154500000000000151850000000000000000000000000000001508201316082013            000000000000000                              000                           
00100015         000008000000000000000000000000000000000000000000000000000000000000000000000000000000000000000000000000000000000000000000000000000                                                                                              
00199999         000001000010000000                                                                                                                                                            00000000000000000000000000000                    
