00100000         2093389990001580024093140014       002003000000028629X SHOW PRESTADORA DE SERVICOS DOBANCO DO BRASIL                         22502201302544900034403000000504290680PROCESSAMEN                                                 
00100011T0100020 20093389990001580024093140014       002003000000028629X SHOW PRESTADORA DE SERVICOS DO                                                                                000000002502201300000000  000000000                      
0010001300001T 06002003000000028629X 24093140000000987   1               00000000000000000136179341003010                         0900000000000000000000000000000000000000000000000000000   000000000000000000000018500        180192409314     
0010001300002U 060000000000000000000000000000000000000000000000000000000000000000000001361790000000001359940000000000000000000000000000002502201326022013            000000000000000                              000                           
0010001300003T 06002003000000028629X 24093140000001466   1               00000000000000000089999237021080                         0900000000000000000000000000000000000000000000000000000   000000000000000000000018500        180192409314     
0010001300004U 060000000000000000000000000000000000000000000000000000000000000000000000899990000000000898140000000000000000000000000000002502201326022013            000000000000000                              000                           
0010001300005T 06002003000000028629X 24093140000001477   1               00000000000000000039000341003010                         0900000000000000000000000000000000000000000000000000000   000000000000000000000018500        180192409314     
0010001300006U 060000000000000000000000000000000000000000000000000000000000000000000000390000000000000388150000000000000000000000000000002502201326022013            000000000000000                              000                           
0010001300007T 06002003000000028629X 24093140000001478   1               00000000000000000019500341003010                         0900000000000000000000000000000000000000000000000000000   000000000000000000000018500        180192409314     
0010001300008U 060000000000000000000000000000000000000000000000000000000000000000000000195000000000000193150000000000000000000000000000002502201326022013            000000000000000                              000                           
00100015         000010000000000000000000000000000000000000000000000000000000000000000000000000000000000000000000000000000000000000000000000000000                                                                                              
00199999         000001000012000000                                                                                                                                                            00000000000000000000000000000                    
