00100000         2093389990001580024093140014       002003000000028629X SHOW PRESTADORA DE SERVICOS DOBANCO DO BRASIL                         22706201301395200051203000000504290680PROCESSAMEN                                                 
00100011T0100020 20093389990001580024093140014       002003000000028629X SHOW PRESTADORA DE SERVICOS DO                                                                                000000002706201300000000  000000000                      
0010001300001T 06002003000000028629X 24093140000002196   1               00000000000000000039000341003010                         0900000000000000000000000000000000000000000000000000000   000000000000000000000053000        180192409314     
0010001300002U 060000000000000000000000000000000000000000000000000000000000000000000000390000000000000384700000000000000000000000000000002706201328062013            000000000000000                              000                           
0010001300003T 06002003000000028629X 24093140000002197   1               00000000000000000123500341003010                         0900000000000000000000000000000000000000000000000000000   000000000000000000000053000        180192409314     
0010001300004U 060000000000000000000000000000000000000000000000000000000000000000000001235000000000001229700000000000000000000000000000002706201328062013            000000000000000                              000                           
0010001300005T 06002003000000028629X 24093140000002202   1               00000000000000000019500341003010                         0900000000000000000000000000000000000000000000000000000   000000000000000000000053000        180192409314     
0010001300006U 060000000000000000000000000000000000000000000000000000000000000000000000195000000000000189700000000000000000000000000000002706201328062013            000000000000000                              000                           
0010001300007T 06002003000000028629X 24093140000003439   1               00000000000000000039000341003010                         0900000000000000000000000000000000000000000000000000000   000000000000000000000053000        180192409314     
0010001300008U 060000000000000000000000000000000000000000000000000000000000000000000000390000000000000384700000000000000000000000000000002706201328062013            000000000000000                              000                           
0010001300009T 06002003000000028629X 24093140000003440   1               00000000000000000123500341003010                         0900000000000000000000000000000000000000000000000000000   000000000000000000000053000        180192409314     
0010001300010U 060000000000000000000000000000000000000000000000000000000000000000000001235000000000001229700000000000000000000000000000002706201328062013            000000000000000                              000                           
0010001300011T 06002003000000028629X 24093140000003446   1               00000000000000000019500341003010                         0900000000000000000000000000000000000000000000000000000   000000000000000000000053000        180192409314     
0010001300012U 060000000000000000000000000000000000000000000000000000000000000000000000195000000000000189700000000000000000000000000000002706201328062013            000000000000000                              000                           
0010001300013T 06002003000000028629X 24093140000003475   1               00000000000000000066284001016365                         0900000000000000000000000000000000000000000000000000000   000000000000000000000053000        180192409314     
0010001300014U 060000000000014810000000000000000000000000000000000000000000000000000000677650000000000672350000000000000000000000000000002706201328062013            000000000000000                              000                           
0010001300015T 06002003000000028629X 24093140000005933   1               00000000000000000004150001043621                         0900000000000000000000000000000000000000000000000000000   000000000000000000000053000        180192409314     
0010001300016U 060000000000000000000000000000000000000000000000000000000000000000000000041500000000000036200000000000000000000000000000002706201328062013            000000000000000                              000                           
00100015         000018000000000000000000000000000000000000000000000000000000000000000000000000000000000000000000000000000000000000000000000000000                                                                                              
00199999         000001000020000000                                                                                                                                                            00000000000000000000000000000                    
