00100000         2093389990001580024093140014       002003000000028629X SHOW PRESTADORA DE SERVICOS DOBANCO DO BRASIL                         22101201302513800030003000000504290680PROCESSAMEN                                                 
00100011T0100020 20093389990001580024093140014       002003000000028629X SHOW PRESTADORA DE SERVICOS DO                                                                                000000002101201300000000  000000000                      
0010001300001T 06002003000000028629X 24093140000001148   1               00000000000000000056450237011020                         0900000000000000000000000000000000000000000000000000000   000000000000000000000018500        180192409314     
0010001300002U 060000000000000000000000000000000000000000000000000000000000000000000000564500000000000562650000000000000000000000000000002101201322012013            000000000000000                              000                           
0010001300003T 06002003000000028629X 24093140000001149   1               00000000000000000034450748022010                         0900000000000000000000000000000000000000000000000000000   000000000000000000000018500        180192409314     
0010001300004U 060000000000000000000000000000000000000000000000000000000000000000000000344500000000000342650000000000000000000000000000002101201322012013            000000000000000                              000                           
0010001300005T 06002003000000028629X 24093140000001159   1               0000000000000000001155000100099X                         0900000000000000000000000000000000000000000000000000000   000000000000000000000018500        180192409314     
0010001300006U 060000000000000000000000000000000000000000000000000000000000000000000000115500000000000113650000000000000000000000000000002101201322012013            000000000000000                              000                           
0010001300007T 06002003000000028629X 24093140000001160   1               00000000000000000010350001012343                         0900000000000000000000000000000000000000000000000000000   000000000000000000000018500        180192409314     
0010001300008U 060000000000000000000000000000000000000000000000000000000000000000000000103500000000000101650000000000000000000000000000002101201322012013            000000000000000                              000                           
0010001300009T 06002003000000028629X 24093140000001166   1               00000000000000000030150237020090                         0900000000000000000000000000000000000000000000000000000   000000000000000000000018500        180192409314     
0010001300010U 060000000000000000000000000000000000000000000000000000000000000000000000301500000000000299650000000000000000000000000000002101201322012013            000000000000000                              000                           
0010001300011T 06002003000000028629X 24093140000001199   1               00000000000000000080550237010380                         0900000000000000000000000000000000000000000000000000000   000000000000000000000018500        180192409314     
0010001300012U 060000000000000000000000000000000000000000000000000000000000000000000000805500000000000803650000000000000000000000000000002101201322012013            000000000000000                              000                           
0010001300013T 06002003000000028629X 24093140000001206   1               00000000000000000048450001007595                         0900000000000000000000000000000000000000000000000000000   000000000000000000000018500        180192409314     
0010001300014U 060000000000000000000000000000000000000000000000000000000000000000000000484500000000000482650000000000000000000000000000002101201322012013            000000000000000                              000                           
0010001300015T 06002003000000028629X 24093140000001231   1               00000000000000000015250004000090                         0900000000000000000000000000000000000000000000000000000   000000000000000000000018500        180192409314     
0010001300016U 060000000000000000000000000000000000000000000000000000000000000000000000152500000000000150650000000000000000000000000000002101201322012013            000000000000000                              000                           
0010001300017T 06002003000000028629X 24093140000001249   1               00000000000000000044850104000400                         0900000000000000000000000000000000000000000000000000000   000000000000000000000018500        180192409314     
0010001300018U 060000000000000000000000000000000000000000000000000000000000000000000000448500000000000446650000000000000000000000000000002101201322012013            000000000000000                              000                           
0010001300019T 06002003000000028629X 24093140000001262   1               00000000000000000019500237034110                         0900000000000000000000000000000000000000000000000000000   000000000000000000000018500        180192409314     
0010001300020U 060000000000000000000000000000000000000000000000000000000000000000000000195000000000000193150000000000000000000000000000002101201322012013            000000000000000                              000                           
0010001300021T 06002003000000028629X 24093140000001265   1               00000000000000000028050237012850                         0900000000000000000000000000000000000000000000000000000   000000000000000000000018500        180192409314     
0010001300022U 060000000000000000000000000000000000000000000000000000000000000000000000280500000000000278650000000000000000000000000000002101201322012013            000000000000000                              000                           
0010001300023T 06002003000000028629X 24093140000001297   1               00000000000000000274250001043621                         0900000000000000000000000000000000000000000000000000000   000000000000000000000018500        180192409314     
0010001300024U 060000000000000000000000000000000000000000000000000000000000000000000002742500000000002740650000000000000000000000000000002101201322012013            000000000000000                              000                           
0010001300025T 06002003000000028629X 24093140000001298   1               00000000000000000535450104007290                         0900000000000000000000000000000000000000000000000000000   000000000000000000000018500        180192409314     
0010001300026U 060000000000000000000000000000000000000000000000000000000000000000000005354500000000005352650000000000000000000000000000002101201322012013            000000000000000                              000                           
0010001300027T 06002003000000028629X 24093140000001304   1               00000000000000000019950104007290                         0900000000000000000000000000000000000000000000000000000   000000000000000000000018500        180192409314     
0010001300028U 060000000000000000000000000000000000000000000000000000000000000000000000199500000000000197650000000000000000000000000000002101201322012013            000000000000000                              000                           
0010001300029T 06002003000000028629X 24093140000001307   1               00000000000000000015800104007350                         0900000000000000000000000000000000000000000000000000000   000000000000000000000018500        180192409314     
0010001300030U 060000000000000000000000000000000000000000000000000000000000000000000000158000000000000156150000000000000000000000000000002101201322012013            000000000000000                              000                           
0010001300031T 06002003000000028629X 24093140000001308   1               00000000000000000054000104022210                         0900000000000000000000000000000000000000000000000000000   000000000000000000000018500        180192409314     
0010001300032U 060000000000000000000000000000000000000000000000000000000000000000000000540000000000000538150000000000000000000000000000002101201322012013            000000000000000                              000                           
00100015         000034000000000000000000000000000000000000000000000000000000000000000000000000000000000000000000000000000000000000000000000000000                                                                                              
00199999         000001000036000000                                                                                                                                                            00000000000000000000000000000                    
