00100000         2093389990001580024093140014       002003000000028629X SHOW PRESTADORA DE SERVICOS DOBANCO DO BRASIL                         21908201302503100058603000000504290680PROCESSAMEN                                                 
00100011T0100020 20093389990001580024093140014       002003000000028629X SHOW PRESTADORA DE SERVICOS DO                                                                                000000001908201300000000  000000000                      
0010001300001T 06002003000000028629X 24093140000004253   1               00000000000000000064617001016365                         0900000000000000000000000000000000000000000000000000000   000000000000000000000026500        180192409314     
0010001300002U 060000000000019380000000000000000000000000000000000000000000000000000000665550000000000662900000000000000000000000000000001908201320082013            000000000000000                              000                           
0010001300003T 06002003000000028629X 24093140000006520   1               00000000000000000026000237021210                         0900000000000000000000000000000000000000000000000000000   000000000000000000000026500        180192409314     
0010001300004U 060000000000000000000000000000000000000000000000000000000000000000000000260000000000000257350000000000000000000000000000001908201320082013            000000000000000                              000                           
00100015         000006000000000000000000000000000000000000000000000000000000000000000000000000000000000000000000000000000000000000000000000000000                                                                                              
00199999         000001000008000000                                                                                                                                                            00000000000000000000000000000                    
