00100000         2093389990001580024093140014       002003000000028629X SHOW PRESTADORA DE SERVICOS DOBANCO DO BRASIL                         22802201301481800035003000000504290680PROCESSAMEN                                                 
00100011T0100020 20093389990001580024093140014       002003000000028629X SHOW PRESTADORA DE SERVICOS DO                                                                                000000002802201300000000  000000000                      
0010001300001T 06002003000000028629X 24093140000001326   1               00000000000000000010350001002003                         0900000000000000000000000000000000000000000000000000000   000000000000000000000018500        180192409314     
0010001300002U 060000000000002350000000000000000000000000000000000000000000000000000000105850000000000104000000000000000000000000000000002802201301032013            000000000000000                              000                           
0010001300003T 06002003000000028629X 24093140000001483   1               00000000000000000008000748022010                         0900000000000000000000000000000000000000000000000000000   000000000000000000000018500        180192409314     
0010001300004U 060000000000000000000000000000000000000000000000000000000000000000000000080000000000000078150000000000000000000000000000002802201301032013            000000000000000                              000                           
0010001300005T 06002003000000028629X 24093140000001487   1               00000000000000000020450237015630                         0900000000000000000000000000000000000000000000000000000   000000000000000000000018500        180192409314     
0010001300006U 060000000000000000000000000000000000000000000000000000000000000000000000204500000000000202650000000000000000000000000000002802201301032013            000000000000000                              000                           
0010001300007T 06002003000000028629X 24093140000001501   1               00000000000000000026450237024720                         0900000000000000000000000000000000000000000000000000000   000000000000000000000018500        180192409314     
0010001300008U 060000000000000000000000000000000000000000000000000000000000000000000000264500000000000262650000000000000000000000000000002802201301032013            000000000000000                              000                           
0010001300009T 06002003000000028629X 24093140000001528   1               00000000000000000084950001016365                         0900000000000000000000000000000000000000000000000000000   000000000000000000000018500        180192409314     
0010001300010U 060000000000000000000000000000000000000000000000000000000000000000000000849500000000000847650000000000000000000000000000002802201301032013            000000000000000                              000                           
0010001300011T 06002003000000028629X 24093140000001529   1               00000000000000000008450001022756                         0900000000000000000000000000000000000000000000000000000   000000000000000000000018500        180192409314     
0010001300012U 060000000000000000000000000000000000000000000000000000000000000000000000084500000000000082650000000000000000000000000000002802201301032013            000000000000000                              000                           
0010001300013T 06002003000000028629X 24093140000001530   1               00000000000000000040050001048445                         0900000000000000000000000000000000000000000000000000000   000000000000000000000018500        180192409314     
0010001300014U 060000000000000000000000000000000000000000000000000000000000000000000000400500000000000398650000000000000000000000000000002802201301032013            000000000000000                              000                           
0010001300015T 06002003000000028629X 24093140000001545   1               00000000000000000025500001016357                         0900000000000000000000000000000000000000000000000000000   000000000000000000000018500        180192409314     
0010001300016U 060000000000000000000000000000000000000000000000000000000000000000000000255000000000000253150000000000000000000000000000002802201301032013            000000000000000                              000                           
0010001300017T 06002003000000028629X 24093140000001546   1               0000000000000000001625000101088X                         0900000000000000000000000000000000000000000000000000000   000000000000000000000018500        180192409314     
0010001300018U 060000000000000000000000000000000000000000000000000000000000000000000000162500000000000160650000000000000000000000000000002802201301032013            000000000000000                              000                           
0010001300019T 06002003000000028629X 24093140000001548   1               00000000000000000039450237032240                         0900000000000000000000000000000000000000000000000000000   000000000000000000000018500        180192409314     
0010001300020U 060000000000000000000000000000000000000000000000000000000000000000000000394500000000000392650000000000000000000000000000002802201301032013            000000000000000                              000                           
0010001300021T 06002003000000028629X 24093140000001555   1               00000000000000000009900104000420                         0900000000000000000000000000000000000000000000000000000   000000000000000000000018500        180192409314     
0010001300022U 060000000000000000000000000000000000000000000000000000000000000000000000099000000000000097150000000000000000000000000000002802201301032013            000000000000000                              000                           
0010001300023T 06002003000000028629X 24093140000001557   1               00000000000000000099450237021080                         0900000000000000000000000000000000000000000000000000000   000000000000000000000018500        180192409314     
0010001300024U 060000000000000000000000000000000000000000000000000000000000000000000000994500000000000992650000000000000000000000000000002802201301032013            000000000000000                              000                           
0010001300025T 06002003000000028629X 24093140000001563   1               00000000000000001385450001011436                         0900000000000000000000000000000000000000000000000000000   000000000000000000000018500        180192409314     
0010001300026U 060000000000000000000000000000000000000000000000000000000000000000000013854500000000013852650000000000000000000000000000002802201301032013            000000000000000                              000                           
0010001300027T 06002003000000028629X 24093140000001578   1               00000000000000000244800104010100                         0900000000000000000000000000000000000000000000000000000   000000000000000000000018500        180192409314     
0010001300028U 060000000000000000000000000000000000000000000000000000000000000000000002448000000000002446150000000000000000000000000000002802201301032013            000000000000000                              000                           
0010001300029T 06002003000000028629X 24093140000001594   1               00000000000000000253950001007595                         0900000000000000000000000000000000000000000000000000000   000000000000000000000018500        180192409314     
0010001300030U 060000000000000000000000000000000000000000000000000000000000000000000002539500000000002537650000000000000000000000000000002802201301032013            000000000000000                              000                           
00100015         000032000000000000000000000000000000000000000000000000000000000000000000000000000000000000000000000000000000000000000000000000000                                                                                              
00199999         000001000034000000                                                                                                                                                            00000000000000000000000000000                    
