00100000         2093389990001580024093140014       002003000000028629X SHOW PRESTADORA DE SERVICOS DOBANCO DO BRASIL                         22503201302323300038403000000504290680PROCESSAMEN                                                 
00100011T0100020 20093389990001580024093140014       002003000000028629X SHOW PRESTADORA DE SERVICOS DO                                                                                000000002503201300000000  000000000                      
0010001300001T 06002003000000028629X 24093140000001602   1               00000000000000000019500341003010                         0900000000000000000000000000000000000000000000000000000   000000000000000000000018500        180192409314     
0010001300002U 060000000000000000000000000000000000000000000000000000000000000000000000195000000000000193150000000000000000000000000000002503201326032013            000000000000000                              000                           
0010001300003T 06002003000000028629X 24093140000001603   1               00000000000000000123500341003010                         0900000000000000000000000000000000000000000000000000000   000000000000000000000018500        180192409314     
0010001300004U 060000000000000000000000000000000000000000000000000000000000000000000001235000000000001233150000000000000000000000000000002503201326032013            000000000000000                              000                           
0010001300005T 06002003000000028629X 24093140000001604   1               00000000000000000039000341003010                         0900000000000000000000000000000000000000000000000000000   000000000000000000000018500        180192409314     
0010001300006U 060000000000000000000000000000000000000000000000000000000000000000000000390000000000000388150000000000000000000000000000002503201326032013            000000000000000                              000                           
0010001300007T 06002003000000028629X 24093140000001628   1               00000000000000000089999237021080                         0900000000000000000000000000000000000000000000000000000   000000000000000000000018500        180192409314     
0010001300008U 060000000000000000000000000000000000000000000000000000000000000000000000899990000000000898140000000000000000000000000000002503201326032013            000000000000000                              000                           
0010001300009T 06002003000000028629X 24093140000001632   1               00000000000000000107450237028910                         0900000000000000000000000000000000000000000000000000000   000000000000000000000018500        180192409314     
0010001300010U 060000000000000000000000000000000000000000000000000000000000000000000001074500000000001072650000000000000000000000000000002503201326032013            000000000000000                              000                           
0010001300011T 06002003000000028629X 24093140000001633   1               00000000000000000126450237021140                         0900000000000000000000000000000000000000000000000000000   000000000000000000000018500        180192409314     
0010001300012U 060000000000000000000000000000000000000000000000000000000000000000000001264500000000001262650000000000000000000000000000002503201326032013            000000000000000                              000                           
0010001300013T 06002003000000028629X 24093140000001682   1               00000000000000000050750104022210                         0900000000000000000000000000000000000000000000000000000   000000000000000000000018500        180192409314     
0010001300014U 060000000000000000000000000000000000000000000000000000000000000000000000507500000000000505650000000000000000000000000000002503201326032013            000000000000000                              000                           
0010001300015T 06002003000000028629X 24093140000001683   1               00000000000000000245250748022010                         0900000000000000000000000000000000000000000000000000000   000000000000000000000018500        180192409314     
0010001300016U 060000000000000000000000000000000000000000000000000000000000000000000002452500000000002450650000000000000000000000000000002503201326032013            000000000000000                              000                           
0010001300017T 06002003000000028629X 24093140000001699   1               00000000000000000015000237021140                         0900000000000000000000000000000000000000000000000000000   000000000000000000000018500        180192409314     
0010001300018U 060000000000000000000000000000000000000000000000000000000000000000000000150000000000000148150000000000000000000000000000002503201326032013            000000000000000                              000                           
0010001300019T 06002003000000028629X 24093140000001702   1               00000000000000000011200001016365                         0900000000000000000000000000000000000000000000000000000   000000000000000000000018500        180192409314     
0010001300020U 060000000000000000000000000000000000000000000000000000000000000000000000112000000000000110150000000000000000000000000000002503201326032013            000000000000000                              000                           
00100015         000022000000000000000000000000000000000000000000000000000000000000000000000000000000000000000000000000000000000000000000000000000                                                                                              
00199999         000001000024000000                                                                                                                                                            00000000000000000000000000000                    
