00100000         2093389990001580024093140014       002003000000028629X SHOW PRESTADORA DE SERVICOS DOBANCO DO BRASIL                         20104201303443400039203000000504290680PROCESSAMEN                                                 
00100011T0100020 20093389990001580024093140014       002003000000028629X SHOW PRESTADORA DE SERVICOS DO                                                                                000000000104201300000000  000000000                      
0010001300001T 06002003000000028629X 24093140000001605   1               00000000000000000008000033041880                         0900000000000000000000000000000000000000000000000000000   000000000000000000000018500        180192409314     
0010001300002U 060000000000000000000000000000000000000000000000000000000000000000000000080000000000000078150000000000000000000000000000000104201302042013            000000000000000                              000                           
0010001300003T 06002003000000028629X 24093140000001608   1               00000000000000000020450237015630                         0900000000000000000000000000000000000000000000000000000   000000000000000000000018500        180192409314     
0010001300004U 060000000000000000000000000000000000000000000000000000000000000000000000204500000000000202650000000000000000000000000000000104201302042013            000000000000000                              000                           
0010001300005T 06002003000000028629X 24093140000001609   1               00000000000000000268950001007595                         0900000000000000000000000000000000000000000000000000000   000000000000000000000018500        180192409314     
0010001300006U 060000000000000000000000000000000000000000000000000000000000000000000002689500000000002687650000000000000000000000000000000104201302042013            000000000000000                              000                           
0010001300007T 06002003000000028629X 24093140000001620   1               00000000000000000026450001016365                         0900000000000000000000000000000000000000000000000000000   000000000000000000000018500        180192409314     
0010001300008U 060000000000000000000000000000000000000000000000000000000000000000000000264500000000000262650000000000000000000000000000000104201302042013            000000000000000                              000                           
0010001300009T 06002003000000028629X 24093140000001640   1               00000000000000000084950341003720                         0900000000000000000000000000000000000000000000000000000   000000000000000000000018500        180192409314     
0010001300010U 060000000000000000000000000000000000000000000000000000000000000000000000849500000000000847650000000000000000000000000000000104201302042013            000000000000000                              000                           
0010001300011T 06002003000000028629X 24093140000001641   1               00000000000000000008450001022756                         0900000000000000000000000000000000000000000000000000000   000000000000000000000018500        180192409314     
0010001300012U 060000000000000000000000000000000000000000000000000000000000000000000000084500000000000082650000000000000000000000000000000104201302042013            000000000000000                              000                           
0010001300013T 06002003000000028629X 24093140000001642   1               00000000000000000040050001048445                         0900000000000000000000000000000000000000000000000000000   000000000000000000000018500        180192409314     
0010001300014U 060000000000000000000000000000000000000000000000000000000000000000000000400500000000000398650000000000000000000000000000000104201302042013            000000000000000                              000                           
0010001300015T 06002003000000028629X 24093140000001656   1               0000000000000000001625000101088X                         0900000000000000000000000000000000000000000000000000000   000000000000000000000018500        180192409314     
0010001300016U 060000000000000000000000000000000000000000000000000000000000000000000000162500000000000160650000000000000000000000000000000104201302042013            000000000000000                              000                           
0010001300017T 06002003000000028629X 24093140000001658   1               00000000000000000039450001016365                         0900000000000000000000000000000000000000000000000000000   000000000000000000000018500        180192409314     
0010001300018U 060000000000000000000000000000000000000000000000000000000000000000000000394500000000000392650000000000000000000000000000000104201302042013            000000000000000                              000                           
0010001300019T 06002003000000028629X 24093140000001667   1               00000000000000000099450237021080                         0900000000000000000000000000000000000000000000000000000   000000000000000000000018500        180192409314     
0010001300020U 060000000000000000000000000000000000000000000000000000000000000000000000994500000000000992650000000000000000000000000000000104201302042013            000000000000000                              000                           
0010001300021T 06002003000000028629X 24093140000001671   1               00000000000000001449450001011436                         0900000000000000000000000000000000000000000000000000000   000000000000000000000018500        180192409314     
0010001300022U 060000000000000000000000000000000000000000000000000000000000000000000014494500000000014492650000000000000000000000000000000104201302042013            000000000000000                              000                           
0010001300023T 06002003000000028629X 24093140000001706   1               0000000000000000001290000108347X                         0900000000000000000000000000000000000000000000000000000   000000000000000000000018500        180192409314     
0010001300024U 060000000000000000000000000000000000000000000000000000000000000000000000129000000000000127150000000000000000000000000000000104201302042013            000000000000000                              000                           
00100015         000026000000000000000000000000000000000000000000000000000000000000000000000000000000000000000000000000000000000000000000000000000                                                                                              
00199999         000001000028000000                                                                                                                                                            00000000000000000000000000000                    
