00100000         2093389990001580024093140014       002003000000028629X SHOW PRESTADORA DE SERVICOS DOBANCO DO BRASIL                         22705201302450900046903000000504290680PROCESSAMEN                                                 
00100011T0100020 20093389990001580024093140014       002003000000028629X SHOW PRESTADORA DE SERVICOS DO                                                                                000000002705201300000000  000000000                      
0010001300001T 06002003000000028629X 24093140000002152   1               00000000000000000056450237011020                         0900000000000000000000000000000000000000000000000000000   0000000000000000000000185          180192409314     
0010001300002U 060000000000000000000000000000000000000000000000000000000000000000000000564500000000000562650000000000000000000000000000002705201328052013            000000000000000                              000                           
0010001300003T 06002003000000028629X 24093140000002156   1               00000000000000000089999237021080                         0900000000000000000000000000000000000000000000000000000   0000000000000000000000185          180192409314     
0010001300004U 060000000000000000000000000000000000000000000000000000000000000000000000899990000000000898140000000000000000000000000000002705201328052013            000000000000000                              000                           
0010001300005T 06002003000000028629X 24093140000002168   1               00000000000000000008450004001720                         0900000000000000000000000000000000000000000000000000000   0000000000000000000000185          180192409314     
0010001300006U 060000000000000000000000000000000000000000000000000000000000000000000000084500000000000082650000000000000000000000000000002705201328052013            000000000000000                              000                           
0010001300007T 06002003000000028629X 24093140000005769   1               00000000000000000064450104032420                         0900000000000000000000000000000000000000000000000000000   0000000000000000000000185          180192409314     
0010001300008U 060000000000000000000000000000000000000000000000000000000000000000000000644500000000000642650000000000000000000000000000002705201328052013            000000000000000                              000                           
00100015         000010000000000000000000000000000000000000000000000000000000000000000000000000000000000000000000000000000000000000000000000000000                                                                                              
00199999         000001000012000000                                                                                                                                                            00000000000000000000000000000                    
