00100000         2093389990001580024093140014       002003000000028629X SHOW PRESTADORA DE SERVICOS DOBANCO DO BRASIL                         20605201302590700043903000000504290680PROCESSAMEN                                                 
00100011T0100020 20093389990001580024093140014       002003000000028629X SHOW PRESTADORA DE SERVICOS DO                                                                                000000000605201300000000  000000000                      
0010001300001T 06002003000000028629X 24093140000001951   1               00000000000000000429627237028910                         0900000000000000000000000000000000000000000000000000000   000000000000000000000018500        180192409314     
0010001300002U 060000000000000000000000000000000000000000000000000000000000000000000004296270000000004294420000000000000000000000000000000605201307052013            000000000000000                              000                           
0010001300003T 06002003000000028629X 24093140000002003   1               00000000000000000050750341084970                         0900000000000000000000000000000000000000000000000000000   000000000000000000000018500        180192409314     
0010001300004U 060000000000000000000000000000000000000000000000000000000000000000000000507500000000000505650000000000000000000000000000000605201307052013            000000000000000                              000                           
0010001300005T 06002003000000028629X 24093140000003030   1               00000000000000000685450001043621                         0900000000000000000000000000000000000000000000000000000   000000000000000000000018500        180192409314     
0010001300006U 060000000000000000000000000000000000000000000000000000000000000000000006854500000000006852650000000000000000000000000000000605201307052013            000000000000000                              000                           
00100015         000008000000000000000000000000000000000000000000000000000000000000000000000000000000000000000000000000000000000000000000000000000                                                                                              
00199999         000001000010000000                                                                                                                                                            00000000000000000000000000000                    
