00100000         2093389990001580024093140014       002003000000028629X SHOW PRESTADORA DE SERVICOS DOBANCO DO BRASIL                         22703201301411900038803000000504290680PROCESSAMEN                                                 
00100011T0100020 20093389990001580024093140014       002003000000028629X SHOW PRESTADORA DE SERVICOS DO                                                                                000000002703201300000000  000000000                      
0010001300001T 06002003000000028629X 24093140000001474   1               0000000000000000004056100102256X                         0900000000000000000000000000000000000000000000000000000   000000000000000000000018500        180192409314     
0010001300002U 060000000000000000000000000000000000000000000000000000000000000000000000405610000000000403760000000000000000000000000000002703201328032013            000000000000000                              000                           
0010001300003T 06002003000000028629X 24093140000001655   1               00000000000000000025500001016357                         0900000000000000000000000000000000000000000000000000000   000000000000000000000018500        180192409314     
0010001300004U 060000000000000000000000000000000000000000000000000000000000000000000000255000000000000253150000000000000000000000000000002703201328032013            000000000000000                              000                           
0010001300005T 06002003000000028629X 24093140000001657   1               00000000000000000065621104027580                         0900000000000000000000000000000000000000000000000000000   000000000000000000000018500        180192409314     
0010001300006U 060000000000000000000000000000000000000000000000000000000000000000000000656210000000000654360000000000000000000000000000002703201328032013            000000000000000                              000                           
0010001300007T 06002003000000028629X 24093140000001697   1               0000000000000000003705400102256X                         0900000000000000000000000000000000000000000000000000000   000000000000000000000018500        180192409314     
0010001300008U 060000000000000000000000000000000000000000000000000000000000000000000000370540000000000368690000000000000000000000000000002703201328032013            000000000000000                              000                           
00100015         000010000000000000000000000000000000000000000000000000000000000000000000000000000000000000000000000000000000000000000000000000000                                                                                              
00199999         000001000012000000                                                                                                                                                            00000000000000000000000000000                    
