00100000         2093389990001580024093140014       002003000000028629X SHOW PRESTADORA DE SERVICOS DOBANCO DO BRASIL                         22011201201415500021703000000504290680PROCESSAMEN                                                 
00100011T0100020 20093389990001580024093140014       002003000000028629X SHOW PRESTADORA DE SERVICOS DO                                                                                000000002011201200000000  000000000                      
0010001300001T 06002003000000028629X 24093140000000720   1               00000000000000000053378001007595                         0900000000000000000000000000000000000000000000000000000   000000000000000000000024000        180192409314     
0010001300002U 060000000000000000000000000000000000000000000000000000000000000000000000533780000000000531380000000000000000000000000000002011201221112012            000000000000000                              000                           
0010001300003T 06002003000000028629X 24093140000000827   1               00000000000000000047850341003740                         0900000000000000000000000000000000000000000000000000000   000000000000000000000024000        180192409314     
0010001300004U 060000000000000000000000000000000000000000000000000000000000000000000000478500000000000476100000000000000000000000000000002011201221112012            000000000000000                              000                           
0010001300005T 06002003000000028629X 24093140000000828   1               00000000000000000056450237011020                         0900000000000000000000000000000000000000000000000000000   000000000000000000000024000        180192409314     
0010001300006U 060000000000000000000000000000000000000000000000000000000000000000000000564500000000000562100000000000000000000000000000002011201221112012            000000000000000                              000                           
0010001300007T 06002003000000028629X 24093140000000835   1               0000000000000000008495000108347X                         0900000000000000000000000000000000000000000000000000000   000000000000000000000024000        180192409314     
0010001300008U 060000000000000000000000000000000000000000000000000000000000000000000000849500000000000847100000000000000000000000000000002011201221112012            000000000000000                              000                           
0010001300009T 06002003000000028629X 24093140000000839   1               00000000000000000015800104007350                         0900000000000000000000000000000000000000000000000000000   000000000000000000000024000        180192409314     
0010001300010U 060000000000000000000000000000000000000000000000000000000000000000000000158000000000000155600000000000000000000000000000002011201221112012            000000000000000                              000                           
0010001300011T 06002003000000028629X 24093140000000841   1               00000000000000000080550237010380                         0900000000000000000000000000000000000000000000000000000   000000000000000000000024000        180192409314     
0010001300012U 060000000000000000000000000000000000000000000000000000000000000000000000805500000000000803100000000000000000000000000000002011201221112012            000000000000000                              000                           
0010001300013T 06002003000000028629X 24093140000000855   1               00000000000000000042500001043613                         0900000000000000000000000000000000000000000000000000000   000000000000000000000024000        180192409314     
0010001300014U 060000000000000000000000000000000000000000000000000000000000000000000000425000000000000422600000000000000000000000000000002011201221112012            000000000000000                              000                           
0010001300015T 06002003000000028629X 24093140000000856   1               00000000000000000127500001043613                         0900000000000000000000000000000000000000000000000000000   000000000000000000000024000        180192409314     
0010001300016U 060000000000000000000000000000000000000000000000000000000000000000000001275000000000001272600000000000000000000000000000002011201221112012            000000000000000                              000                           
0010001300017T 06002003000000028629X 24093140000000857   1               00000000000000000153000001043613                         0900000000000000000000000000000000000000000000000000000   000000000000000000000024000        180192409314     
0010001300018U 060000000000000000000000000000000000000000000000000000000000000000000001530000000000001527600000000000000000000000000000002011201221112012            000000000000000                              000                           
0010001300019T 06002003000000028629X 24093140000000868   1               00000000000000000048450001007595                         0900000000000000000000000000000000000000000000000000000   000000000000000000000024000        180192409314     
0010001300020U 060000000000000000000000000000000000000000000000000000000000000000000000484500000000000482100000000000000000000000000000002011201221112012            000000000000000                              000                           
0010001300021T 06002003000000028629X 24093140000000872   1               00000000000000000007450001031658                         0900000000000000000000000000000000000000000000000000000   000000000000000000000024000        180192409314     
0010001300022U 060000000000000000000000000000000000000000000000000000000000000000000000074500000000000072100000000000000000000000000000002011201221112012            000000000000000                              000                           
0010001300023T 06002003000000028629X 24093140000000883   1               00000000000000000027450237015940                         0900000000000000000000000000000000000000000000000000000   000000000000000000000024000        180192409314     
0010001300024U 060000000000000000000000000000000000000000000000000000000000000000000000274500000000000272100000000000000000000000000000002011201221112012            000000000000000                              000                           
0010001300025T 06002003000000028629X 24093140000000884   1               00000000000000000018450004000530                         0900000000000000000000000000000000000000000000000000000   000000000000000000000024000        180192409314     
0010001300026U 060000000000000000000000000000000000000000000000000000000000000000000000184500000000000182100000000000000000000000000000002011201221112012            000000000000000                              000                           
0010001300027T 06002003000000028629X 24093140000000891   1               00000000000000000059650001043621                         0900000000000000000000000000000000000000000000000000000   000000000000000000000024000        180192409314     
0010001300028U 060000000000000000000000000000000000000000000000000000000000000000000000596500000000000594100000000000000000000000000000002011201221112012            000000000000000                              000                           
0010001300029T 06002003000000028629X 24093140000000892   1               00000000000000000015250001043621                         0900000000000000000000000000000000000000000000000000000   000000000000000000000024000        180192409314     
0010001300030U 060000000000000000000000000000000000000000000000000000000000000000000000152500000000000150100000000000000000000000000000002011201221112012            000000000000000                              000                           
0010001300031T 06002003000000028629X 24093140000000908   1               00000000000000000274250001043621                         0900000000000000000000000000000000000000000000000000000   000000000000000000000024000        180192409314     
0010001300032U 060000000000000000000000000000000000000000000000000000000000000000000002742500000000002740100000000000000000000000000000002011201221112012            000000000000000                              000                           
0010001300033T 06002003000000028629X 24093140000000909   1               0000000000000000001155000100099X                         0900000000000000000000000000000000000000000000000000000   000000000000000000000024000        180192409314     
0010001300034U 060000000000000000000000000000000000000000000000000000000000000000000000115500000000000113100000000000000000000000000000002011201221112012            000000000000000                              000                           
0010001300035T 06002003000000028629X 24093140000000910   1               00000000000000000044850001043621                         0900000000000000000000000000000000000000000000000000000   000000000000000000000024000        180192409314     
0010001300036U 060000000000000000000000000000000000000000000000000000000000000000000000448500000000000446100000000000000000000000000000002011201221112012            000000000000000                              000                           
0010001300037T 06002003000000028629X 24093140000000926   1               00000000000000000028050033030900                         0900000000000000000000000000000000000000000000000000000   000000000000000000000024000        180192409314     
0010001300038U 060000000000000000000000000000000000000000000000000000000000000000000000280500000000000278100000000000000000000000000000002011201221112012            000000000000000                              000                           
00100015         000040000000000000000000000000000000000000000000000000000000000000000000000000000000000000000000000000000000000000000000000000000                                                                                              
00199999         000001000042000000                                                                                                                                                            00000000000000000000000000000                    
