02RETORNO01COBRANCA       00000000000004296362SHOW PREST SERV DO BRASIL LTDA237BRADESCO       0304120160000000290                                                                                                                                                                                                                                                                          030412         000001
1020933899900015800000090200700116394054854110001381114       000000001320940120380000000000000000000000000902030412NF001084  00000000132094012038050412000000005465023702007  000000000027000000000000000000000000000000000000000000000000000000000000000000000000000000000000000000000000000000000                          0000000000                                                                  000002
1020933899900015800000090200700116394089416270001591115       000000001320940120460000000000000000000000000902030412NF001088  00000000132094012046100412000000009900023705773  000000000027000000000000000000000000000000000000000000000000000000000000000000000000000000000000000000000000000000000                          0000000000                                                                  000003
1020933899900015800000090200700116394090984190001001116       000000001320940120540000000000000000000000000902030412NF001089  00000000132094012054100412000000009945023700435  000000000027000000000000000000000000000000000000000000000000000000000000000000000000000000000000000000000000000000000                          0000000000                                                                  000004
1020933899900015800000090200700116394166606684201117          000000001320940120620000000000000000000000000902030412NF001090  00000000132094012062050412000000001845023702007  000000000027000000000000000000000000000000000000000000000000000000000000000000000000000000000000000000000000000000000                          0000000000                                                                  000005
1020933899900015800000090200700116394114629960001731118       000000001320940120700000000000000000000000000902030412NF001091DE00000000132094012070100412000000006687123700435  000000000027000000000000000000000000000000000000000000000000000000000000000000000000000000000000000000000000000000000                          0000000000                                                                  000006
1020933899900015800000090200700116394030514120001491119       000000001320940120890000000000000000000000000902030412NF001092  00000000132094012089100412000000004900023702007  000000000027000000000000000000000000000000000000000000000000000000000000000000000000000000000000000000000000000000000                          0000000000                                                                  000007
1020933899900015800000090200700116394118959270001531120       000000001320940121000000000000000000000000000902030412NF0001093 00000000132094012100100412000000018045023700435  000000000027000000000000000000000000000000000000000000000000000000000000000000000000000000000000000000000000000000000                          0000000000                                                                  000008
1020933899900015800000090200700116394254738674721122          000000001320940121270000000000000000000000000902030412NF001095  00000000132094012127100412000000000635023701042  000000000027000000000000000000000000000000000000000000000000000000000000000000000000000000000000000000000000000000000                          0000000000                                                                  000009
1020933899900015800000090200700116394254738674721123          000000001320940121350000000000000000000000000902030412NF001095 200000000132094012135100412000000001225023701042  000000000027000000000000000000000000000000000000000000000000000000000000000000000000000000000000000000000000000000000                          0000000000                                                                  000010
1020933899900015800000090200700116394079898030001601124       000000001320940121430000000000000000000000000902030412NF001096  00000000132094012143100412000000002025023702010  000000000027000000000000000000000000000000000000000000000000000000000000000000000000000000000000000000000000000000000                          0000000000                                                                  000011
1020933899900015800000090200700116394079898030001601125       000000001320940121510000000000000000000000000902030412NF000745DE00000000132094012151100412000000002935923702010  000000000027000000000000000000000000000000000000000000000000000000000000000000000000000000000000000000000000000000000                          0000000000                                                                  000012
1020933899900015800000090200700116394029941790001751126       0000000013209401216P0000000000000000000000000902030412NF001097  0000000013209401216P100412000000002415023702007  000000000027000000000000000000000000000000000000000000000000000000000000000000000000000000000000000000000000000000000                          0000000000                                                                  000013
1020933899900015800000090200700116394029941790001751127       000000001320940121780000000000000000000000000902030412DEBITOS   00000000132094012178150412000000007020023702007  000000000027000000000000000000000000000000000000000000000000000000000000000000000000000000000000000000000000000000000                          0000000000                                                                  000014
1020933899900015800000090200700116394161150664681128          000000001320940121860000000000000000000000000902030412NF001098  00000000132094012186100412000000000880023705787  000000000027000000000000000000000000000000000000000000000000000000000000000000000000000000000000000000000000000000000                          0000000000                                                                  000015
1020933899900015800000090200700116394078202620001411129       000000001320940121940000000000000000000000000902030412NF001106  00000000132094012194100412000000008095023702105  000000000027000000000000000000000000000000000000000000000000000000000000000000000000000000000000000000000000000000000                          0000000000                                                                  000016
1020933899900015800000090200700116394071323320001791130       000000001320940122080000000000000000000000000902030412NF001107  00000000132094012208100412000000015185023705773  000000000027000000000000000000000000000000000000000000000000000000000000000000000000000000000000000000000000000000000                          0000000000                                                                  000017
1020933899900015800000090200700116394127180110001901131       000000001320940122160000000000000000000000000902030412NF001108  00000000132094012216100412000000007045023706194  000000000027000000000000000000000000000000000000000000000000000000000000000000000000000000000000000000000000000000000                          0000000000                                                                  000018
1020933899900015800000090200700116394092366320001231132       000000001320940122240000000000000000000000000902030412NF001109  00000000132094012224100412000000009045023700435  000000000027000000000000000000000000000000000000000000000000000000000000000000000000000000000000000000000000000000000                          0000000000                                                                  000019
1020933899900015800000090200700116394062402810001361133       000000001320940122320000000000000000000000000902030412NF001110  00000000132094012232100412000000003915023700389  000000000027000000000000000000000000000000000000000000000000000000000000000000000000000000000000000000000000000000000                          0000000000                                                                  000020
1020933899900015800000090200700116394127271450001781134       000000001320940122400000000000000000000000000902030412NF001082  00000000132094012240100412000000070355023702007  000000000027000000000000000000000000000000000000000000000000000000000000000000000000000000000000000000000000000000000                          0000000000                                                                  000021
1020933899900015800000090200700116394079495670001581135       000000001320940122590000000000000000000000000902030412NF001113  00000000132094012259100412000000009835023702007  000000000027000000000000000000000000000000000000000000000000000000000000000000000000000000000000000000000000000000000                          0000000000                                                                  000022
1020933899900015800000090200700116394079495670001581136       000000001320940122670000000000000000000000000902030412NF001113 200000000132094012267170412000000014834523702007  000000000027000000000000000000000000000000000000000000000000000000000000000000000000000000000000000000000000000000000                          0000000000                                                                  000023
1020933899900015800000090200700116394076929870001001137       000000001320940122750000000000000000000000000902030412NF001083  00000000132094012275100412000000009755023705386  000000000027000000000000000000000000000000000000000000000000000000000000000000000000000000000000000000000000000000000                          0000000000                                                                  000024
1020933899900015800000090200700116394078120450001001121       000000001320940122830000000000000000000000000902030412NF001094  00000000132094012283100412000000016045023700435  000000000027000000000000000000000000000000000000000000000000000000000000000000000000000000000000000000000000000000000                          0000000000                                                                  000025
1020933899900015800000090200700116394060299010001921112       000000001320630120130000000000000000000000000903030412NF001022  00000000132063012013100412000000005045023702114  000000000000000000000000000000000000000000000000000000000000000000000000000000000000000000000000000000000000000000000                          6300000000                                                                  000026
9201237          000000670000000981656300000290          00024000002380325000000000000000000000000000000000000000000000000000000000000000000000000000000000000000000000000000000000000000000                                                                                                                                                                              00000000000000000000000         000027
