00100000         2093389990001580024093140014       002003000000028629X SHOW PRESTADORA DE SERVICOS DOBANCO DO BRASIL                         21806201202490400001803000000504290680PROCESSAMEN                                                 
00100011T0100020 20093389990001580024093140014       002003000000028629X SHOW PRESTADORA DE SERVICOS DO                                                                                000000001806201200000000  000000000                      
0010001300001T 06002003000000028629X 24093140000000184   1               00000000000000000000100237020070                         0900000000000000000000000000000000000000000000000000000   000000000000000000000050000        180192409314     
0010001300002U 060000000000000000000000000000000000000000000000000000000000000000000000001000000000000000000000000000000000000000000000001806201220062012            000000000000000                              000                           
00100015         000004000000000000000000000000000000000000000000000000000000000000000000000000000000000000000000000000000000000000000000000000000                                                                                              
00199999         000001000006000000                                                                                                                                                            00000000000000000000000000000                    
