00100000         2093389990001580024093140014       002003000000028629X SHOW PRESTADORA DE SERVICOS DOBANCO DO BRASIL                         21109201201352800012403000000504290680PROCESSAMEN                                                 
00100011T0100020 20093389990001580024093140014       002003000000028629X SHOW PRESTADORA DE SERVICOS DO                                                                                000000001109201200000000  000000000                      
0010001300001T 06002003000000028629X 24093140000000228   1               00000000000000000025303341038270                         0900000000000000000000000000000000000000000000000000000   000000000000000000000024000        180192409314     
0010001300002U 060000000000000000000000000000000000000000000000000000000000000000000000253030000000000250630000000000000000000000000000001109201212092012            000000000000000                              000                           
0010001300003T 06002003000000028629X 24093140000000604   1               00000000000000000024150001002003                         0900000000000000000000000000000000000000000000000000000   000000000000000000000024000        180192409314     
0010001300004U 060000000000004910000000000000000000000000000000000000000000000000000000246410000000000244010000000000000000000000000000001109201212092012            000000000000000                              000                           
0010001300005T 06002003000000028629X 24093140000000678   1               00000000000000000075000001012688                         0900000000000000000000000000000000000000000000000000000   000000000000000000000024000        180192409314     
0010001300006U 060000000000000000000000000000000000000000000000000000000000000000000000750000000000000747600000000000000000000000000000001109201212092012            000000000000000                              000                           
00100015         000008000000000000000000000000000000000000000000000000000000000000000000000000000000000000000000000000000000000000000000000000000                                                                                              
00199999         000001000010000000                                                                                                                                                            00000000000000000000000000000                    
