00100000         2093389990001580024093140014       002003000000028629X SHOW PRESTADORA DE SERVICOS DOBANCO DO BRASIL                         23010201201420600019103000000504290680PROCESSAMEN                                                 
00100011T0100020 20093389990001580024093140014       002003000000028629X SHOW PRESTADORA DE SERVICOS DO                                                                                000000003010201200000000  000000000                      
0010001300001T 06002003000000028629X 24093140000000698   1               00000000000000000020450237015630                         0900000000000000000000000000000000000000000000000000000   000000000000000000000024000        180192409314     
0010001300002U 060000000000000000000000000000000000000000000000000000000000000000000000204500000000000202100000000000000000000000000000003010201231102012            000000000000000                              000                           
0010001300003T 06002003000000028629X 24093140000000699   1               00000000000000000246450001007595                         0900000000000000000000000000000000000000000000000000000   000000000000000000000024000        180192409314     
0010001300004U 060000000000000000000000000000000000000000000000000000000000000000000002464500000000002462100000000000000000000000000000003010201231102012            000000000000000                              000                           
0010001300005T 06002003000000028629X 24093140000000711   1               00000000000000000026450237024720                         0900000000000000000000000000000000000000000000000000000   000000000000000000000024000        180192409314     
0010001300006U 060000000000000000000000000000000000000000000000000000000000000000000000264500000000000262100000000000000000000000000000003010201231102012            000000000000000                              000                           
0010001300007T 06002003000000028629X 24093140000000732   1               00000000000000000694200001043621                         0900000000000000000000000000000000000000000000000000000   000000000000000000000024000        180192409314     
0010001300008U 060000000000000000000000000000000000000000000000000000000000000000000006942000000000006939600000000000000000000000000000003010201231102012            000000000000000                              000                           
0010001300009T 06002003000000028629X 24093140000000740   1               00000000000000000008450004001720                         0900000000000000000000000000000000000000000000000000000   000000000000000000000024000        180192409314     
0010001300010U 060000000000000000000000000000000000000000000000000000000000000000000000084500000000000082100000000000000000000000000000003010201231102012            000000000000000                              000                           
0010001300011T 06002003000000028629X 24093140000000741   1               00000000000000000040050001048445                         0900000000000000000000000000000000000000000000000000000   000000000000000000000024000        180192409314     
0010001300012U 060000000000000000000000000000000000000000000000000000000000000000000000400500000000000398100000000000000000000000000000003010201231102012            000000000000000                              000                           
0010001300013T 06002003000000028629X 24093140000000755   1               00000000000000000030000001016357                         0900000000000000000000000000000000000000000000000000000   000000000000000000000024000        180192409314     
0010001300014U 060000000000000000000000000000000000000000000000000000000000000000000000300000000000000297600000000000000000000000000000003010201231102012            000000000000000                              000                           
0010001300015T 06002003000000028629X 24093140000000756   1               0000000000000000001625000101088X                         0900000000000000000000000000000000000000000000000000000   000000000000000000000024000        180192409314     
0010001300016U 060000000000000000000000000000000000000000000000000000000000000000000000162500000000000160100000000000000000000000000000003010201231102012            000000000000000                              000                           
0010001300017T 06002003000000028629X 24093140000000758   1               00000000000000000045950237032240                         0900000000000000000000000000000000000000000000000000000   000000000000000000000024000        180192409314     
0010001300018U 060000000000000000000000000000000000000000000000000000000000000000000000459500000000000457100000000000000000000000000000003010201231102012            000000000000000                              000                           
0010001300019T 06002003000000028629X 24093140000000767   1               00000000000000000099450237021080                         0900000000000000000000000000000000000000000000000000000   000000000000000000000024000        180192409314     
0010001300020U 060000000000000000000000000000000000000000000000000000000000000000000000994500000000000992100000000000000000000000000000003010201231102012            000000000000000                              000                           
0010001300021T 06002003000000028629X 24093140000000795   1               00000000000000000084950341003720                         0900000000000000000000000000000000000000000000000000000   000000000000000000000024000        180192409314     
0010001300022U 060000000000000000000000000000000000000000000000000000000000000000000000849500000000000847100000000000000000000000000000003010201231102012            000000000000000                              000                           
0010001300023T 06002003000000028629X 24093140000000797   1               00000000000000000231650104010100                         0900000000000000000000000000000000000000000000000000000   000000000000000000000024000        180192409314     
0010001300024U 060000000000000000000000000000000000000000000000000000000000000000000002316500000000002314100000000000000000000000000000003010201231102012            000000000000000                              000                           
0010001300025T 06002003000000028629X 24093140000000798   1               00000000000000000008000001016357                         0900000000000000000000000000000000000000000000000000000   000000000000000000000024000        180192409314     
0010001300026U 060000000000000000000000000000000000000000000000000000000000000000000000080000000000000077600000000000000000000000000000003010201231102012            000000000000000                              000                           
00100015         000028000000000000000000000000000000000000000000000000000000000000000000000000000000000000000000000000000000000000000000000000000                                                                                              
00199999         000001000030000000                                                                                                                                                            00000000000000000000000000000                    
