00100000         2093389990001580024093140014       002003000000028629X SHOW PRESTADORA DE SERVICOS DOBANCO DO BRASIL                         23008201201342900011103000000504290680PROCESSAMEN                                                 
00100011T0100020 20093389990001580024093140014       002003000000028629X SHOW PRESTADORA DE SERVICOS DO                                                                                000000003008201200000000  000000000                      
0010001300001T 06002003000000028629X 24093140000000524   1               00000000000000000030450001016357                         0900000000000000000000000000000000000000000000000000000   000000000000000000000024000        180192409314     
0010001300002U 060000000000000000000000000000000000000000000000000000000000000000000000304500000000000302100000000000000000000000000000003008201231082012            000000000000000                              000                           
0010001300003T 06002003000000028629X 24093140000000525   1               0000000000000000001625000101088X                         0900000000000000000000000000000000000000000000000000000   000000000000000000000024000        180192409314     
0010001300004U 060000000000000000000000000000000000000000000000000000000000000000000000162500000000000160100000000000000000000000000000003008201231082012            000000000000000                              000                           
0010001300005T 06002003000000028629X 24093140000000527   1               00000000000000000020450237015630                         0900000000000000000000000000000000000000000000000000000   000000000000000000000024000        180192409314     
0010001300006U 060000000000000000000000000000000000000000000000000000000000000000000000204500000000000202100000000000000000000000000000003008201231082012            000000000000000                              000                           
0010001300007T 06002003000000028629X 24093140000000533   1               00000000000000000040050237032050                         0900000000000000000000000000000000000000000000000000000   000000000000000000000024000        180192409314     
0010001300008U 060000000000000000000000000000000000000000000000000000000000000000000000400500000000000398100000000000000000000000000000003008201231082012            000000000000000                              000                           
0010001300009T 06002003000000028629X 24093140000000535   1               00000000000000000246450001007595                         0900000000000000000000000000000000000000000000000000000   000000000000000000000024000        180192409314     
0010001300010U 060000000000000000000000000000000000000000000000000000000000000000000002464500000000002462100000000000000000000000000000003008201231082012            000000000000000                              000                           
0010001300011T 06002003000000028629X 24093140000000536   1               00000000000000000008450237057800                         0900000000000000000000000000000000000000000000000000000   000000000000000000000024000        180192409314     
0010001300012U 060000000000000000000000000000000000000000000000000000000000000000000000084500000000000082100000000000000000000000000000003008201231082012            000000000000000                              000                           
0010001300013T 06002003000000028629X 24093140000000554   1               00000000000000000099450237021080                         0900000000000000000000000000000000000000000000000000000   000000000000000000000024000        180192409314     
0010001300014U 060000000000000000000000000000000000000000000000000000000000000000000000994500000000000992100000000000000000000000000000003008201231082012            000000000000000                              000                           
0010001300015T 06002003000000028629X 24093140000000562   1               00000000000000000288000001043621                         0900000000000000000000000000000000000000000000000000000   000000000000000000000024000        180192409314     
0010001300016U 060000000000000000000000000000000000000000000000000000000000000000000002880000000000002877600000000000000000000000000000003008201231082012            000000000000000                              000                           
0010001300017T 06002003000000028629X 24093140000000579   1               00000000000000000400450001011436                         0900000000000000000000000000000000000000000000000000000   000000000000000000000024000        180192409314     
0010001300018U 060000000000000000000000000000000000000000000000000000000000000000000004004500000000004002100000000000000000000000000000003008201231082012            000000000000000                              000                           
0010001300019T 06002003000000028629X 24093140000000580   1               00000000000000000694650237020070                         0900000000000000000000000000000000000000000000000000000   000000000000000000000024000        180192409314     
0010001300020U 060000000000000000000000000000000000000000000000000000000000000000000006946500000000006944100000000000000000000000000000003008201231082012            000000000000000                              000                           
0010001300021T 06002003000000028629X 24093140000000581   1               00000000000000001680450001011436                         0900000000000000000000000000000000000000000000000000000   000000000000000000000024000        180192409314     
0010001300022U 060000000000000000000000000000000000000000000000000000000000000000000016804500000000016802100000000000000000000000000000003008201231082012            000000000000000                              000                           
00100015         000024000000000000000000000000000000000000000000000000000000000000000000000000000000000000000000000000000000000000000000000000000                                                                                              
00199999         000001000026000000                                                                                                                                                            00000000000000000000000000000                    
