00100000         2093389990001580024093140014       002003000000028629X SHOW PRESTADORA DE SERVICOS DOBANCO DO BRASIL                         22509201201471000014303000000504290680PROCESSAMEN                                                 
00100011T0100020 20093389990001580024093140014       002003000000028629X SHOW PRESTADORA DE SERVICOS DO                                                                                000000002509201200000000  000000000                      
0010001300001T 06002003000000028629X 24093140000000518   1               00000000000000000022882237025720                         0900000000000000000000000000000000000000000000000000000   000000000000000000000024000        180192409314     
0010001300002U 060000000000000000000000000000000000000000000000000000000000000000000000228820000000000226420000000000000000000000000000002509201226092012            000000000000000                              000                           
0010001300003T 06002003000000028629X 24093140000000618   1               00000000000000000089999237021080                         0900000000000000000000000000000000000000000000000000000   000000000000000000000024000        180192409314     
0010001300004U 060000000000000000000000000000000000000000000000000000000000000000000000899990000000000897590000000000000000000000000000002509201226092012            000000000000000                              000                           
0010001300005T 06002003000000028629X 24093140000000622   1               00000000000000000098450001031658                         0900000000000000000000000000000000000000000000000000000   000000000000000000000024000        180192409314     
0010001300006U 060000000000000000000000000000000000000000000000000000000000000000000000984500000000000982100000000000000000000000000000002509201226092012            000000000000000                              000                           
0010001300007T 06002003000000028629X 24093140000000623   1               00000000000000000047450237028910                         0900000000000000000000000000000000000000000000000000000   000000000000000000000024000        180192409314     
0010001300008U 060000000000000000000000000000000000000000000000000000000000000000000000474500000000000472100000000000000000000000000000002509201226092012            000000000000000                              000                           
0010001300009T 06002003000000028629X 24093140000000624   1               00000000000000000114450237021140                         0900000000000000000000000000000000000000000000000000000   000000000000000000000024000        180192409314     
0010001300010U 060000000000000000000000000000000000000000000000000000000000000000000001144500000000001142100000000000000000000000000000002509201226092012            000000000000000                              000                           
0010001300011T 06002003000000028629X 24093140000000653   1               00000000000000000064000104027580                         0900000000000000000000000000000000000000000000000000000   000000000000000000000024000        180192409314     
0010001300012U 060000000000000000000000000000000000000000000000000000000000000000000000640000000000000637600000000000000000000000000000002509201226092012            000000000000000                              000                           
00100015         000014000000000000000000000000000000000000000000000000000000000000000000000000000000000000000000000000000000000000000000000000000                                                                                              
00199999         000001000016000000                                                                                                                                                            00000000000000000000000000000                    
