00100000         2093389990001580024093140014       002003000000028629X SHOW PRESTADORA DE SERVICOS DOBANCO DO BRASIL                         22507201201294100006103000000504290680PROCESSAMEN                                                 
00100011T0100020 20093389990001580024093140014       002003000000028629X SHOW PRESTADORA DE SERVICOS DO                                                                                000000002507201200000000  000000000                      
0010001300001T 06002003000000028629X 24093140000000220   1               00000000000000000090449237021080                         0900000000000000000000000000000000000000000000000000000   000000000000000000000024000        180192409314     
0010001300002U 060000000000000000000000000000000000000000000000000000000000000000000000904490000000000902090000000000000000000000000000002507201226072012            000000000000000                              000                           
0010001300003T 06002003000000028629X 24093140000000226   1               00000000000000000104450001020354                         0900000000000000000000000000000000000000000000000000000   000000000000000000000024000        180192409314     
0010001300004U 060000000000000000000000000000000000000000000000000000000000000000000001044500000000001042100000000000000000000000000000002507201226072012            000000000000000                              000                           
0010001300005T 06002003000000028629X 24093140000000253   1               00000000000000000064000104032420                         0900000000000000000000000000000000000000000000000000000   000000000000000000000024000        180192409314     
0010001300006U 060000000000000000000000000000000000000000000000000000000000000000000000640000000000000637600000000000000000000000000000002507201226072012            000000000000000                              000                           
00100015         000008000000000000000000000000000000000000000000000000000000000000000000000000000000000000000000000000000000000000000000000000000                                                                                              
00199999         000001000010000000                                                                                                                                                            00000000000000000000000000000                    
