00100000         2093389990001580024093140014       002003000000028629X SHOW PRESTADORA DE SERVICOS DOBANCO DO BRASIL                         22009201201420500013703000000504290680PROCESSAMEN                                                 
00100011T0100020 20093389990001580024093140014       002003000000028629X SHOW PRESTADORA DE SERVICOS DO                                                                                000000002009201200000000  000000000                      
0010001300001T 06002003000000028629X 24093140000000585   1               00000000000000000048050237012850                         0900000000000000000000000000000000000000000000000000000   000000000000000000000024000        180192409314     
0010001300002U 060000000000000000000000000000000000000000000000000000000000000000000000480500000000000478100000000000000000000000000000002009201221092012            000000000000000                              000                           
0010001300003T 06002003000000028629X 24093140000000610   1               00000000000000000030150237020090                         0900000000000000000000000000000000000000000000000000000   000000000000000000000024000        180192409314     
0010001300004U 060000000000000000000000000000000000000000000000000000000000000000000000301500000000000299100000000000000000000000000000002009201221092012            000000000000000                              000                           
0010001300005T 06002003000000028629X 24093140000000611   1               00000000000000000047850001043621                         0900000000000000000000000000000000000000000000000000000   000000000000000000000024000        180192409314     
0010001300006U 060000000000000000000000000000000000000000000000000000000000000000000000478500000000000476100000000000000000000000000000002009201221092012            000000000000000                              000                           
0010001300007T 06002003000000028629X 24093140000000612   1               00000000000000000056450237011020                         0900000000000000000000000000000000000000000000000000000   000000000000000000000024000        180192409314     
0010001300008U 060000000000000000000000000000000000000000000000000000000000000000000000564500000000000562100000000000000000000000000000002009201221092012            000000000000000                              000                           
0010001300009T 06002003000000028629X 24093140000000620   1               00000000000000000007450104034880                         0900000000000000000000000000000000000000000000000000000   000000000000000000000024000        180192409314     
0010001300010U 060000000000000000000000000000000000000000000000000000000000000000000000074500000000000072100000000000000000000000000000002009201221092012            000000000000000                              000                           
0010001300011T 06002003000000028629X 24093140000000631   1               00000000000000000027450001007595                         0900000000000000000000000000000000000000000000000000000   000000000000000000000024000        180192409314     
0010001300012U 060000000000000000000000000000000000000000000000000000000000000000000000274500000000000272100000000000000000000000000000002009201221092012            000000000000000                              000                           
0010001300013T 06002003000000028629X 24093140000000632   1               00000000000000000018450237015940                         0900000000000000000000000000000000000000000000000000000   000000000000000000000024000        180192409314     
0010001300014U 060000000000000000000000000000000000000000000000000000000000000000000000184500000000000182100000000000000000000000000000002009201221092012            000000000000000                              000                           
0010001300015T 06002003000000028629X 24093140000000640   1               00000000000000000015250004000090                         0900000000000000000000000000000000000000000000000000000   000000000000000000000024000        180192409314     
0010001300016U 060000000000000000000000000000000000000000000000000000000000000000000000152500000000000150100000000000000000000000000000002009201221092012            000000000000000                              000                           
0010001300017T 06002003000000028629X 24093140000000649   1               00000000000000000089950237010610                         0900000000000000000000000000000000000000000000000000000   000000000000000000000024000        180192409314     
0010001300018U 060000000000000000000000000000000000000000000000000000000000000000000000899500000000000897100000000000000000000000000000002009201221092012            000000000000000                              000                           
0010001300019T 06002003000000028629X 24093140000000656   1               00000000000000000274250001043621                         0900000000000000000000000000000000000000000000000000000   000000000000000000000024000        180192409314     
0010001300020U 060000000000000000000000000000000000000000000000000000000000000000000002742500000000002740100000000000000000000000000000002009201221092012            000000000000000                              000                           
0010001300021T 06002003000000028629X 24093140000000662   1               00000000000000000015800104007350                         0900000000000000000000000000000000000000000000000000000   000000000000000000000024000        180192409314     
0010001300022U 060000000000000000000000000000000000000000000000000000000000000000000000158000000000000155600000000000000000000000000000002009201221092012            000000000000000                              000                           
0010001300023T 06002003000000028629X 24093140000000682   1               00000000000000000085550237010380                         0900000000000000000000000000000000000000000000000000000   000000000000000000000024000        180192409314     
0010001300024U 060000000000000000000000000000000000000000000000000000000000000000000000855500000000000853100000000000000000000000000000002009201221092012            000000000000000                              000                           
0010001300025T 06002003000000028629X 24093140000000683   1               00000000000000000010350237017290                         0900000000000000000000000000000000000000000000000000000   000000000000000000000024000        180192409314     
0010001300026U 060000000000000000000000000000000000000000000000000000000000000000000000103500000000000101100000000000000000000000000000002009201221092012            000000000000000                              000                           
00100015         000028000000000000000000000000000000000000000000000000000000000000000000000000000000000000000000000000000000000000000000000000000                                                                                              
00199999         000001000030000000                                                                                                                                                            00000000000000000000000000000                    
