00100000         2093389990001580024093140014       002003000000028629X SHOW PRESTADORA DE SERVICOS DOBANCO DO BRASIL                         22308201201381400010103000000504290680PROCESSAMEN                                                 
00100011T0100020 20093389990001580024093140014       002003000000028629X SHOW PRESTADORA DE SERVICOS DO                                                                                000000002308201200000000  000000000                      
0010001300001T 06002003000000028629X 24093140000000238   1               00000000000000000006350001011347                         0900000000000000000000000000000000000000000000000000000   000000000000000000000024000        180192409314     
0010001300002U 060000000000001270000000000000000000000000000000000000000000000000000000065250000000000062850000000000000000000000000000482308201224082012            000000000000000                              000                           
0010001300003T 06002003000000028629X 24093140000000239   1               00000000000000000012250001011347                         0900000000000000000000000000000000000000000000000000000   000000000000000000000024000        180192409314     
0010001300004U 060000000000002450000000000000000000000000000000000000000000000000000000125880000000000123480000000000000000000000000000932308201224082012            000000000000000                              000                           
0010001300005T 06002003000000028629X 24093140000000380   1               00000000000000000035450001011347                         0900000000000000000000000000000000000000000000000000000   000000000000000000000024000        180192409314     
0010001300006U 060000000000007090000000000000000000000000000000000000000000000000000000364380000000000361980000000000000000000000000002792308201224082012            000000000000000                              000                           
0010001300007T 06002003000000028629X 24093140000000388   1               00000000000000000012250001011347                         0900000000000000000000000000000000000000000000000000000   000000000000000000000024000        180192409314     
0010001300008U 060000000000002450000000000000000000000000000000000000000000000000000000125880000000000123480000000000000000000000000000932308201224082012            000000000000000                              000                           
0010001300009T 06002003000000028629X 24093140000000389   1               00000000000000000006350001011347                         0900000000000000000000000000000000000000000000000000000   000000000000000000000024000        180192409314     
0010001300010U 060000000000001270000000000000000000000000000000000000000000000000000000065250000000000062850000000000000000000000000000482308201224082012            000000000000000                              000                           
0010001300011T 06002003000000028629X 24093140000000516   1               00000000000000000034450748022010                         0900000000000000000000000000000000000000000000000000000   000000000000000000000024000        180192409314     
0010001300012U 060000000000000000000000000000000000000000000000000000000000000000000000344500000000000342100000000000000000000000000000002308201224082012            000000000000000                              000                           
0010001300013T 06002003000000028629X 24093140000000558   1               00000000000000000127500001043613                         0900000000000000000000000000000000000000000000000000000   000000000000000000000024000        180192409314     
0010001300014U 060000000000000000000000000000000000000000000000000000000000000000000001275000000000001272600000000000000000000000000000002308201224082012            000000000000000                              000                           
0010001300015T 06002003000000028629X 24093140000000559   1               00000000000000000065568001043613                         0900000000000000000000000000000000000000000000000000000   000000000000000000000024000        180192409314     
0010001300016U 060000000000000000000000000000000000000000000000000000000000000000000000655680000000000653280000000000000000000000000000002308201224082012            000000000000000                              000                           
0010001300017T 06002003000000028629X 24093140000000560   1               00000000000000000042500001043613                         0900000000000000000000000000000000000000000000000000000   000000000000000000000024000        180192409314     
0010001300018U 060000000000000000000000000000000000000000000000000000000000000000000000425000000000000422600000000000000000000000000000002308201224082012            000000000000000                              000                           
0010001300019T 06002003000000028629X 24093140000000561   1               00000000000000000153000001043613                         0900000000000000000000000000000000000000000000000000000   000000000000000000000024000        180192409314     
0010001300020U 060000000000000000000000000000000000000000000000000000000000000000000001530000000000001527600000000000000000000000000000002308201224082012            000000000000000                              000                           
0010001300021T 06002003000000028629X 24093140000000578   1               00000000000000000019950237034110                         0900000000000000000000000000000000000000000000000000000   000000000000000000000024000        180192409314     
0010001300022U 060000000000000000000000000000000000000000000000000000000000000000000000199500000000000197100000000000000000000000000000002308201224082012            000000000000000                              000                           
00100015         000024000000000000000000000000000000000000000000000000000000000000000000000000000000000000000000000000000000000000000000000000000                                                                                              
00199999         000001000026000000                                                                                                                                                            00000000000000000000000000000                    
