00100000         2093389990001580024093140014       002003000000028629X SHOW PRESTADORA DE SERVICOS DOBANCO DO BRASIL                         22007201201412800005503000000504290680PROCESSAMEN                                                 
00100011T0100020 20093389990001580024093140014       002003000000028629X SHOW PRESTADORA DE SERVICOS DO                                                                                000000002007201200000000  000000000                      
0010001300001T 06002003000000028629X 24093140000000191   1               00000000000000000008000033041880                         0900000000000000000000000000000000000000000000000000000   000000000000000000000024000        180192409314     
0010001300002U 060000000000000000000000000000000000000000000000000000000000000000000000080000000000000077600000000000000000000000000000002007201223072012            000000000000000                              000                           
0010001300003T 06002003000000028629X 24093140000000200   1               00000000000000000049950237021050                         0900000000000000000000000000000000000000000000000000000   000000000000000000000024000        180192409314     
0010001300004U 060000000000000000000000000000000000000000000000000000000000000000000000499500000000000497100000000000000000000000000000002007201223072012            000000000000000                              000                           
0010001300005T 06002003000000028629X 24093140000000201   1               00000000000000000103050001035262                         0900000000000000000000000000000000000000000000000000000   000000000000000000000024000        180192409314     
0010001300006U 060000000000000000000000000000000000000000000000000000000000000000000001030500000000001028100000000000000000000000000000002007201223072012            000000000000000                              000                           
0010001300007T 06002003000000028629X 24093140000000204   1               00000000000000000014250001043915                         0900000000000000000000000000000000000000000000000000000   000000000000000000000024000        180192409314     
0010001300008U 060000000000002990000000000000000000000000000000000000000000000000000000145490000000000143090000000000000000000000000000002007201223072012            000000000000000                              000                           
0010001300009T 06002003000000028629X 24093140000000205   1               00000000000000000034000001043613                         0900000000000000000000000000000000000000000000000000000   000000000000000000000024000        180192409314     
0010001300010U 060000000000000000000000000000000000000000000000000000000000000000000000340000000000000337600000000000000000000000000000002007201223072012            000000000000000                              000                           
0010001300011T 06002003000000028629X 24093140000000206   1               00000000000000000127500001043613                         0900000000000000000000000000000000000000000000000000000   000000000000000000000024000        180192409314     
0010001300012U 060000000000000000000000000000000000000000000000000000000000000000000001275000000000001272600000000000000000000000000000002007201223072012            000000000000000                              000                           
0010001300013T 06002003000000028629X 24093140000000207   1               00000000000000000153000001043613                         0900000000000000000000000000000000000000000000000000000   000000000000000000000024000        180192409314     
0010001300014U 060000000000000000000000000000000000000000000000000000000000000000000001530000000000001527600000000000000000000000000000002007201223072012            000000000000000                              000                           
0010001300015T 06002003000000028629X 24093140000000213   1               00000000000000000030150237020090                         0900000000000000000000000000000000000000000000000000000   000000000000000000000024000        180192409314     
0010001300016U 060000000000000000000000000000000000000000000000000000000000000000000000301500000000000299100000000000000000000000000000002007201223072012            000000000000000                              000                           
0010001300017T 06002003000000028629X 24093140000000214   1               00000000000000000047850001043621                         0900000000000000000000000000000000000000000000000000000   000000000000000000000024000        180192409314     
0010001300018U 060000000000000000000000000000000000000000000000000000000000000000000000478500000000000476100000000000000000000000000000002007201223072012            000000000000000                              000                           
0010001300019T 06002003000000028629X 24093140000000222   1               00000000000000000007450001031658                         0900000000000000000000000000000000000000000000000000000   000000000000000000000024000        180192409314     
0010001300020U 060000000000000000000000000000000000000000000000000000000000000000000000074500000000000072100000000000000000000000000000002007201223072012            000000000000000                              000                           
0010001300021T 06002003000000028629X 24093140000000232   1               00000000000000000027450237015940                         0900000000000000000000000000000000000000000000000000000   000000000000000000000024000        180192409314     
0010001300022U 060000000000000000000000000000000000000000000000000000000000000000000000274500000000000272100000000000000000000000000000002007201223072012            000000000000000                              000                           
0010001300023T 06002003000000028629X 24093140000000233   1               00000000000000000018450237015940                         0900000000000000000000000000000000000000000000000000000   000000000000000000000024000        180192409314     
0010001300024U 060000000000000000000000000000000000000000000000000000000000000000000000184500000000000182100000000000000000000000000000002007201223072012            000000000000000                              000                           
0010001300025T 06002003000000028629X 24093140000000240   1               00000000000000000059650001043621                         0900000000000000000000000000000000000000000000000000000   000000000000000000000024000        180192409314     
0010001300026U 060000000000000000000000000000000000000000000000000000000000000000000000596500000000000594100000000000000000000000000000002007201223072012            000000000000000                              000                           
0010001300027T 06002003000000028629X 24093140000000241   1               00000000000000000015250001043621                         0900000000000000000000000000000000000000000000000000000   000000000000000000000024000        180192409314     
0010001300028U 060000000000000000000000000000000000000000000000000000000000000000000000152500000000000150100000000000000000000000000000002007201223072012            000000000000000                              000                           
0010001300029T 06002003000000028629X 24093140000000244   1               00000000000000000299450104007290                         0900000000000000000000000000000000000000000000000000000   000000000000000000000024000        180192409314     
0010001300030U 060000000000000000000000000000000000000000000000000000000000000000000002994500000000002992100000000000000000000000000000002007201223072012            000000000000000                              000                           
0010001300031T 06002003000000028629X 24093140000000250   1               00000000000000000026450104007290                         0900000000000000000000000000000000000000000000000000000   000000000000000000000024000        180192409314     
0010001300032U 060000000000000000000000000000000000000000000000000000000000000000000000264500000000000262100000000000000000000000000000002007201223072012            000000000000000                              000                           
0010001300033T 06002003000000028629X 24093140000000251   1               00000000000000000071950237010610                         0900000000000000000000000000000000000000000000000000000   000000000000000000000024000        180192409314     
0010001300034U 060000000000000000000000000000000000000000000000000000000000000000000000719500000000000717100000000000000000000000000000002007201223072012            000000000000000                              000                           
0010001300035T 06002003000000028629X 24093140000000256   1               0000000000000000027425000109417X                         0900000000000000000000000000000000000000000000000000000   000000000000000000000024000        180192409314     
0010001300036U 060000000000000000000000000000000000000000000000000000000000000000000002742500000000002740100000000000000000000000000000002007201223072012            000000000000000                              000                           
0010001300037T 06002003000000028629X 24093140000000257   1               0000000000000000001155000100099X                         0900000000000000000000000000000000000000000000000000000   000000000000000000000024000        180192409314     
0010001300038U 060000000000000000000000000000000000000000000000000000000000000000000000115500000000000113100000000000000000000000000000002007201223072012            000000000000000                              000                           
0010001300039T 06002003000000028629X 24093140000000258   1               00000000000000000044850104000400                         0900000000000000000000000000000000000000000000000000000   000000000000000000000024000        180192409314     
0010001300040U 060000000000000000000000000000000000000000000000000000000000000000000000448500000000000446100000000000000000000000000000002007201223072012            000000000000000                              000                           
0010001300041T 06002003000000028629X 24093140000000263   1               00000000000000000025800104007350                         0900000000000000000000000000000000000000000000000000000   000000000000000000000024000        180192409314     
0010001300042U 060000000000000000000000000000000000000000000000000000000000000000000000258000000000000255600000000000000000000000000000002007201223072012            000000000000000                              000                           
0010001300043T 06002003000000028629X 24093140000000379   1               00000000000000000056450237011020                         0900000000000000000000000000000000000000000000000000000   000000000000000000000024000        180192409314     
0010001300044U 060000000000000000000000000000000000000000000000000000000000000000000000564500000000000562100000000000000000000000000000002007201223072012            000000000000000                              000                           
00100015         000046000000000000000000000000000000000000000000000000000000000000000000000000000000000000000000000000000000000000000000000000000                                                                                              
00199999         000001000048000000                                                                                                                                                            00000000000000000000000000000                    
