00100000         2093389990001580024093140014       002003000000028629X SHOW PRESTADORA DE SERVICOS DOBANCO DO BRASIL                         20810201202565800016103000000504290680PROCESSAMEN                                                 
00100011T0100020 20093389990001580024093140014       002003000000028629X SHOW PRESTADORA DE SERVICOS DO                                                                                000000000810201200000000  000000000                      
0010001300001T 06002003000000028629X 24093140000000608   1               00000000000000000026450237024720                         0900000000000000000000000000000000000000000000000000000   000000000000000000000024000        180192409314     
0010001300002U 060000000000000000000000000000000000000000000000000000000000000000000000264500000000000262100000000000000000000000000000000810201209102012            000000000000000                              000                           
0010001300003T 06002003000000028629X 24093140000000679   1               00000000000000000045950237032240                         0900000000000000000000000000000000000000000000000000000   000000000000000000000024000        180192409314     
0010001300004U 060000000000000000000000000000000000000000000000000000000000000000000000459500000000000457100000000000000000000000000000000810201209102012            000000000000000                              000                           
0010001300005T 06002003000000028629X 24093140000000751   1               00000000000000000075000001012688                         0900000000000000000000000000000000000000000000000000000   000000000000000000000024000        180192409314     
0010001300006U 060000000000000000000000000000000000000000000000000000000000000000000000750000000000000747600000000000000000000000000000000810201209102012            000000000000000                              000                           
00100015         000008000000000000000000000000000000000000000000000000000000000000000000000000000000000000000000000000000000000000000000000000000                                                                                              
00199999         000001000010000000                                                                                                                                                            00000000000000000000000000000                    
