00100000         2093389990001580024093140014       002003000000028629X SHOW PRESTADORA DE SERVICOS DOBANCO DO BRASIL                         21708201201300400009403000000504290680PROCESSAMEN                                                 
00100011T0100020 20093389990001580024093140014       002003000000028629X SHOW PRESTADORA DE SERVICOS DO                                                                                000000001708201200000000  000000000                      
0010001300001T 06002003000000028629X 24093140000000194   1               00000000000000000099450001043621                         0900000000000000000000000000000000000000000000000000000   000000000000000000000024000        180192409314     
0010001300002U 060000000000000000000000000000000000000000000000000000000000000000000000994500000000000992100000000000000000000000000000001708201220082012            000000000000000                              000                           
0010001300003T 06002003000000028629X 24093140000000519   1               00000000000000000015250001043621                         0900000000000000000000000000000000000000000000000000000   000000000000000000000024000        180192409314     
0010001300004U 060000000000000000000000000000000000000000000000000000000000000000000000152500000000000150100000000000000000000000000000001708201220082012            000000000000000                              000                           
0010001300005T 06002003000000028629X 24093140000000539   1               00000000000000000274250001043621                         0900000000000000000000000000000000000000000000000000000   000000000000000000000024000        180192409314     
0010001300006U 060000000000000000000000000000000000000000000000000000000000000000000002742500000000002740100000000000000000000000000000001708201220082012            000000000000000                              000                           
00100015         000008000000000000000000000000000000000000000000000000000000000000000000000000000000000000000000000000000000000000000000000000000                                                                                              
00199999         000001000010000000                                                                                                                                                            00000000000000000000000000000                    
