00100000         2093389990001580024093140014       002003000000028629X SHOW PRESTADORA DE SERVICOS DOBANCO DO BRASIL                         21007201201475100004103000000504290680PROCESSAMEN                                                 
00100011T0100020 20093389990001580024093140014       002003000000028629X SHOW PRESTADORA DE SERVICOS DO                                                                                000000001007201200000000  000000000                      
0010001300001T 06002003000000028629X 24093140000000187   1               00000000000000000080948001012688                         0900000000000000000000000000000000000000000000000000000   000000000000000000000024000        180192409314     
0010001300002U 060000000000000000000000000000000000000000000000000000000000000000000000809480000000000807080000000000000000000000000000001007201211072012            000000000000000                              000                           
0010001300003T 06002003000000028629X 24093140000000208   1               00000000000000000024150001002003                         0900000000000000000000000000000000000000000000000000000   000000000000000000000024000        180192409314     
0010001300004U 060000000000000000000000000000000000000000000000000000000000000000000000241500000000000239100000000000000000000000000000001007201211072012            000000000000000                              000                           
0010001300005T 06002003000000028629X 24093140000000217   1               00000000000000000033110341083100                         0900000000000000000000000000000000000000000000000000000   000000000000000000000024000        180192409314     
0010001300006U 060000000000000000000000000000000000000000000000000000000000000000000000331100000000000328700000000000000000000000000000001007201211072012            000000000000000                              000                           
0010001300007T 06002003000000028629X 24093140000000219   1               00000000000000000186450237017290                         0900000000000000000000000000000000000000000000000000000   000000000000000000000024000        180192409314     
0010001300008U 060000000000000000000000000000000000000000000000000000000000000000000001864500000000001862100000000000000000000000000000001007201211072012            000000000000000                              000                           
0010001300009T 06002003000000028629X 24093140000000221   1               00000000000000000207450237030550                         0900000000000000000000000000000000000000000000000000000   000000000000000000000024000        180192409314     
0010001300010U 060000000000000000000000000000000000000000000000000000000000000000000002074500000000002072100000000000000000000000000000001007201211072012            000000000000000                              000                           
0010001300011T 06002003000000028629X 24093140000000294   1               00000000000000000184750001016810                         0900000000000000000000000000000000000000000000000000000   000000000000000000000024000        180192409314     
0010001300012U 060000000000000000000000000000000000000000000000000000000000000000000001847500000000001845100000000000000000000000000000001007201211072012            000000000000000                              000                           
00100015         000014000000000000000000000000000000000000000000000000000000000000000000000000000000000000000000000000000000000000000000000000000                                                                                              
00199999         000001000016000000                                                                                                                                                            00000000000000000000000000000                    
