00100000         2093389990001580024093140014       002003000000028629X SHOW PRESTADORA DE SERVICOS DOBANCO DO BRASIL                         20110201203032700015103000000504290680PROCESSAMEN                                                 
00100011T0100020 20093389990001580024093140014       002003000000028629X SHOW PRESTADORA DE SERVICOS DO                                                                                000000000110201200000000  000000000                      
0010001300001T 06002003000000028629X 24093140000000589   1               00000000000000000008000748022010                         0900000000000000000000000000000000000000000000000000000   000000000000000000000024000        180192409314     
0010001300002U 060000000000000000000000000000000000000000000000000000000000000000000000080000000000000077600000000000000000000000000000000110201202102012            000000000000000                              000                           
0010001300003T 06002003000000028629X 24093140000000591   1               00000000000000000099450001043621                         0900000000000000000000000000000000000000000000000000000   000000000000000000000024000        180192409314     
0010001300004U 060000000000000000000000000000000000000000000000000000000000000000000000994500000000000992100000000000000000000000000000000110201202102012            000000000000000                              000                           
0010001300005T 06002003000000028629X 24093140000000593   1               00000000000000000246450001007595                         0900000000000000000000000000000000000000000000000000000   000000000000000000000024000        180192409314     
0010001300006U 060000000000000000000000000000000000000000000000000000000000000000000002464500000000002462100000000000000000000000000000000110201202102012            000000000000000                              000                           
0010001300007T 06002003000000028629X 24093140000000627   1               00000000000000000694650001043621                         0900000000000000000000000000000000000000000000000000000   000000000000000000000024000        180192409314     
0010001300008U 060000000000000000000000000000000000000000000000000000000000000000000006946500000000006944100000000000000000000000000000000110201202102012            000000000000000                              000                           
0010001300009T 06002003000000028629X 24093140000000635   1               00000000000000000008450004001720                         0900000000000000000000000000000000000000000000000000000   000000000000000000000024000        180192409314     
0010001300010U 060000000000000000000000000000000000000000000000000000000000000000000000084500000000000082100000000000000000000000000000000110201202102012            000000000000000                              000                           
0010001300011T 06002003000000028629X 24093140000000636   1               00000000000000000040050341015940                         0900000000000000000000000000000000000000000000000000000   000000000000000000000024000        180192409314     
0010001300012U 060000000000000000000000000000000000000000000000000000000000000000000000400500000000000398100000000000000000000000000000000110201202102012            000000000000000                              000                           
0010001300013T 06002003000000028629X 24093140000000651   1               00000000000000000030000001016357                         0900000000000000000000000000000000000000000000000000000   000000000000000000000024000        180192409314     
0010001300014U 060000000000000000000000000000000000000000000000000000000000000000000000300000000000000297600000000000000000000000000000000110201202102012            000000000000000                              000                           
0010001300015T 06002003000000028629X 24093140000000652   1               0000000000000000001625000101088X                         0900000000000000000000000000000000000000000000000000000   000000000000000000000024000        180192409314     
0010001300016U 060000000000000000000000000000000000000000000000000000000000000000000000162500000000000160100000000000000000000000000000000110201202102012            000000000000000                              000                           
0010001300017T 06002003000000028629X 24093140000000663   1               00000000000000000099450237021080                         0900000000000000000000000000000000000000000000000000000   000000000000000000000024000        180192409314     
0010001300018U 060000000000000000000000000000000000000000000000000000000000000000000000994500000000000992100000000000000000000000000000000110201202102012            000000000000000                              000                           
0010001300019T 06002003000000028629X 24093140000000691   1               00000000000000000564050001035262                         0900000000000000000000000000000000000000000000000000000   000000000000000000000024000        180192409314     
0010001300020U 060000000000000000000000000000000000000000000000000000000000000000000005640500000000005638100000000000000000000000000000000110201202102012            000000000000000                              000                           
00100015         000022000000000000000000000000000000000000000000000000000000000000000000000000000000000000000000000000000000000000000000000000000                                                                                              
00199999         000001000024000000                                                                                                                                                            00000000000000000000000000000                    
