00100000         2093389990001580024093140014       002003000000028629X SHOW PRESTADORA DE SERVICOS DOBANCO DO BRASIL                         22510201201440400018503000000504290680PROCESSAMEN                                                 
00100011T0100020 20093389990001580024093140014       002003000000028629X SHOW PRESTADORA DE SERVICOS DO                                                                                000000002510201200000000  000000000                      
0010001300001T 06002003000000028629X 24093140000000727   1               00000000000000000111450237011040                         0900000000000000000000000000000000000000000000000000000   000000000000000000000024000        180192409314     
0010001300002U 060000000000000000000000000000000000000000000000000000000000000000000001114500000000001112100000000000000000000000000000002510201226102012            000000000000000                              000                           
0010001300003T 06002003000000028629X 24093140000000728   1               00000000000000000047450237028910                         0900000000000000000000000000000000000000000000000000000   000000000000000000000024000        180192409314     
0010001300004U 060000000000000000000000000000000000000000000000000000000000000000000000474500000000000472100000000000000000000000000000002510201226102012            000000000000000                              000                           
0010001300005T 06002003000000028629X 24093140000000729   1               00000000000000000126450237021140                         0900000000000000000000000000000000000000000000000000000   000000000000000000000024000        180192409314     
0010001300006U 060000000000000000000000000000000000000000000000000000000000000000000001264500000000001262100000000000000000000000000000002510201226102012            000000000000000                              000                           
0010001300007T 06002003000000028629X 24093140000000757   1               00000000000000000064000104027580                         0900000000000000000000000000000000000000000000000000000   000000000000000000000024000        180192409314     
0010001300008U 060000000000000000000000000000000000000000000000000000000000000000000000640000000000000637600000000000000000000000000000002510201226102012            000000000000000                              000                           
0010001300009T 06002003000000028629X 24093140000000791   1               00000000000000000025572001002003                         0900000000000000000000000000000000000000000000000000000   000000000000000000000024000        180192409314     
0010001300010U 060000000000000000000000000000000000000000000000000000000000000000000000255720000000000253320000000000000000000000000000002510201226102012            000000000000000                              000                           
0010001300011T 06002003000000028629X 24093140000000793   1               00000000000000000083076237021080                         0900000000000000000000000000000000000000000000000000000   000000000000000000000024000        180192409314     
0010001300012U 060000000000000000000000000000000000000000000000000000000000000000000000830760000000000828360000000000000000000000000000002510201226102012            000000000000000                              000                           
00100015         000014000000000000000000000000000000000000000000000000000000000000000000000000000000000000000000000000000000000000000000000000000                                                                                              
00199999         000001000016000000                                                                                                                                                            00000000000000000000000000000                    
