00100000         2093389990001580024093140014       002003000000028629X SHOW PRESTADORA DE SERVICOS DOBANCO DO BRASIL                         21909201201330100013503000000504290680PROCESSAMEN                                                 
00100011T0100020 20093389990001580024093140014       002003000000028629X SHOW PRESTADORA DE SERVICOS DO                                                                                000000001909201200000000  000000000                      
0010001300001T 06002003000000028629X 24093140000000597   1               00000000000000000097050001035262                         0900000000000000000000000000000000000000000000000000000   000000000000000000000024000        180192409314     
0010001300002U 060000000000000000000000000000000000000000000000000000000000000000000000970500000000000968100000000000000000000000000000001909201220092012            000000000000000                              000                           
0010001300003T 06002003000000028629X 24093140000000646   1               00000000000000000034450748022010                         0900000000000000000000000000000000000000000000000000000   000000000000000000000024000        180192409314     
0010001300004U 060000000000000000000000000000000000000000000000000000000000000000000000344500000000000342100000000000000000000000000000001909201220092012            000000000000000                              000                           
0010001300005T 06002003000000028629X 24093140000000657   1               0000000000000000001155000100099X                         0900000000000000000000000000000000000000000000000000000   000000000000000000000024000        180192409314     
0010001300006U 060000000000000000000000000000000000000000000000000000000000000000000000115500000000000113100000000000000000000000000000001909201220092012            000000000000000                              000                           
0010001300007T 06002003000000028629X 24093140000000658   1               00000000000000000044850104000400                         0900000000000000000000000000000000000000000000000000000   000000000000000000000024000        180192409314     
0010001300008U 060000000000000000000000000000000000000000000000000000000000000000000000448500000000000446100000000000000000000000000000001909201220092012            000000000000000                              000                           
00100015         000010000000000000000000000000000000000000000000000000000000000000000000000000000000000000000000000000000000000000000000000000000                                                                                              
00199999         000001000012000000                                                                                                                                                            00000000000000000000000000000                    
