00100000         2093389990001580024093140014       002003000000028629X SHOW PRESTADORA DE SERVICOS DOBANCO DO BRASIL                         20507201201430500003603000000504290680PROCESSAMEN                                                 
00100011T0100020 20093389990001580024093140014       002003000000028629X SHOW PRESTADORA DE SERVICOS DO                                                                                000000000507201200000000  000000000                      
0010001300001T 06002003000000028629X 24093140000000192   1               00000000000000000016450001002003                         0900000000000000000000000000000000000000000000000000000   000000000000000000000024000        180192409314     
0010001300002U 060000000000003720000000000000000000000000000000000000000000000000000000172720000000000170320000000000000000000000000004500507201206072012            000000000000000                              000                           
00100015         000004000000000000000000000000000000000000000000000000000000000000000000000000000000000000000000000000000000000000000000000000000                                                                                              
00199999         000001000006000000                                                                                                                                                            00000000000000000000000000000                    
