00100000         2093389990001580024093140014       002003000000028629X SHOW PRESTADORA DE SERVICOS DOBANCO DO BRASIL                         21710201201473100017303000000504290680PROCESSAMEN                                                 
00100011T0100020 20093389990001580024093140014       002003000000028629X SHOW PRESTADORA DE SERVICOS DO                                                                                000000001710201200000000  000000000                      
0010001300001T 06002003000000028629X 24093140000000613   1               00000000000000000288000001043621                         0900000000000000000000000000000000000000000000000000000   000000000000000000000024000        180192409314     
0010001300002U 060000000000000000000000000000000000000000000000000000000000000000000002880000000000002877600000000000000000000000000000001710201218102012            000000000000000                              000                           
0010001300003T 06002003000000028629X 24093140000000702   1               00000000000000000049950237021050                         0900000000000000000000000000000000000000000000000000000   000000000000000000000024000        180192409314     
0010001300004U 060000000000000000000000000000000000000000000000000000000000000000000000499500000000000497100000000000000000000000000000001710201218102012            000000000000000                              000                           
0010001300005T 06002003000000028629X 24093140000000749   1               00000000000000000034450748022010                         0900000000000000000000000000000000000000000000000000000   000000000000000000000024000        180192409314     
0010001300006U 060000000000000000000000000000000000000000000000000000000000000000000000344500000000000342100000000000000000000000000000001710201218102012            000000000000000                              000                           
00100015         000008000000000000000000000000000000000000000000000000000000000000000000000000000000000000000000000000000000000000000000000000000                                                                                              
00199999         000001000010000000                                                                                                                                                            00000000000000000000000000000                    
