02RETORNO01COBRANCA       1753609338999000158                               748BANSICREDI     20180322        0000340                                                                                                                                                                                                                                                                                 1.00000001
1            A0000000000                       187000075                                                    062203186001540   COMPE                     0000002790000                                                              00000000000000000000000000000000279000000000000000000000000000000                          H5        20180323                                                          000002
1            A0000000000                       187000083                                                    062203186001591   COMPE                     0000002827200                                                              00000000000000000000000000000000282720000000000000000000000000000                          H5        20180323                                                          000003
1            C0000000000                       182829144                                                    06220318          COMPE                     0000000020927                                                              00000000000000000000000000000000002092700000000000000000000000000                          H5        20180323                                                          000004
1            C0000000000                       182870616                                                    06220318          COMPE                     0000000007500                                                              00000000000000000000000000000000000750000000000000000000000000000                          H5        20180323                                                          000005
1            C0000000000                       182870624                                                    06220318          COMPE                     0000000009422                                                              00000000000000000000000000000000000942200000000000000000000000000                          H5        20180323                                                          000006
1            C0000000000                       182870632                                                    06220318          COMPE                     0000000009422                                                              00000000000000000000000000000000000942200000000000000000000000000                          H5        20180323                                                          000007
1            C0000000000                       182870748                                                    06220318          COMPE                     0000000016500                                                              00000000000000000000000000000000001650000000000000000000000000000                          H5        20180323                                                          000008
9274817536                                                                                                                                                                                                                                                                                                                                                                                                000009
