00100000         2093389990001580028528650014       002003000000028629X SHOW PRESTADORA DE SERVICOS DOBANCO DO BRASIL                         21605201801110900069803000000504290680PROCESSAMEN                                                 
00100011T0100020 20093389990001580028528650014       002003000000028629X SHOW PRESTADORA DE SERVICOS DO                                                                                000000001605201800000000  000000000                      
0010001300001T 02002003000000028629X 28528650000086240   7               12062018000000000000570001002003                         0900000000000010000000000000000000000000000000000000000   0000000000000000000000210A9        170272852865     
0010001300002U 020000000000000000000000000000000000000000000000000000000000000000000000000000000000000000000000000000000000000000000000001605201800000000            000000000000000                              000                           
0010001300003T 02002003000000028629X 28528650000087528   7               3005201800000000425885700101981X                         0900000000000010000000000000000000000000000000000000000   0000000000000000000000210A9        170272852865     
0010001300004U 020000000000000000000000000000000000000000000000000000000000000000000000000000000000000000000000000000000000000000000000001605201800000000            000000000000000                              000                           
0010001300005T 02002003000000028629X 28528650000087901   7               18052018000000000011000001023655                         0900000000000010000000000000000000000000000000000000000   0000000000000000000000210A9        170272852865     
0010001300006U 020000000000000000000000000000000000000000000000000000000000000000000000000000000000000000000000000000000000000000000000001605201800000000            000000000000000                              000                           
0010001300007T 09002003000000028629X 28528650000087322   7               01062018000000000001001001002003                         0900000000000000000000000000000000000000000000000000000   000000000000000000000026510        170272852865     
0010001300008U 090000000000000000000000000000000000000000000000000000000000000000000000000000000000000000000000000000000000000000000000001605201800000000            000000000000000                              000                           
0010001300009T 09002003000000028629X 28528650000087409   7               11092018000000000012000001002003                         0900000000000000000000000000000000000000000000000000000   000000000000000000000026510        170272852865     
0010001300010U 090000000000000000000000000000000000000000000000000000000000000000000000000000000000000000000000000000000000000000000000001605201800000000            000000000000000                              000                           
0010001300011T 09002003000000028629X 28528650000087528   7               3005201800000000425885700101981X                         0900000000000000000000000000000000000000000000000000000   000000000000000000000026510        170272852865     
0010001300012U 090000000000000000000000000000000000000000000000000000000000000000000000000000000000000000000000000000000000000000000000001605201800000000            000000000000000                              000                           
00100015         000014000061000000000068773900000000000000000000000000000000000000000000000000000000000000000000000000000000000000000000000000000                                                                                              
00199999         000001000016000000                                                                                                                                                            00000000000000000000000000000                    
