00100000         2093389990001580028528650014       002003000000028629X SHOW PRESTADORA DE SERVICOS DOBANCO DO BRASIL                         21705201801203400070003000000504290680PROCESSAMEN                                                 
00100011T0100020 20093389990001580028528650014       002003000000028629X SHOW PRESTADORA DE SERVICOS DO                                                                                000000001705201800000000  000000000                      
0010001300001T 02002003000000028629X 28528650000083570   7               20052018000000000027960001016810                         0900000000000010000000000000000000000000000000000000000   0000000000000000000000210A9        170272852865     
0010001300002U 020000000000000000000000000000000000000000000000000000000000000000000000000000000000000000000000000000000000000000000000001705201800000000            000000000000000                              000                           
0010001300003T 02002003000000028629X 28528650000083571   7               20062018000000000027960001016810                         0900000000000010000000000000000000000000000000000000000   0000000000000000000000210A9        170272852865     
0010001300004U 020000000000000000000000000000000000000000000000000000000000000000000000000000000000000000000000000000000000000000000000001705201800000000            000000000000000                              000                           
0010001300005T 02002003000000028629X 28528650000083572   7               20072018000000000027960001016810                         0900000000000010000000000000000000000000000000000000000   0000000000000000000000210A9        170272852865     
0010001300006U 020000000000000000000000000000000000000000000000000000000000000000000000000000000000000000000000000000000000000000000000001705201800000000            000000000000000                              000                           
0010001300007T 02002003000000028629X 28528650000083573   7               20082018000000000027960001016810                         0900000000000010000000000000000000000000000000000000000   0000000000000000000000210A9        170272852865     
0010001300008U 020000000000000000000000000000000000000000000000000000000000000000000000000000000000000000000000000000000000000000000000001705201800000000            000000000000000                              000                           
0010001300009T 02002003000000028629X 28528650000083574   7               20092018000000000027960001016810                         0900000000000010000000000000000000000000000000000000000   0000000000000000000000210A9        170272852865     
0010001300010U 020000000000000000000000000000000000000000000000000000000000000000000000000000000000000000000000000000000000000000000000001705201800000000            000000000000000                              000                           
0010001300011T 02002003000000028629X 28528650000083575   7               20102018000000000027960001016810                         0900000000000010000000000000000000000000000000000000000   0000000000000000000000210A9        170272852865     
0010001300012U 020000000000000000000000000000000000000000000000000000000000000000000000000000000000000000000000000000000000000000000000001705201800000000            000000000000000                              000                           
0010001300013T 02002003000000028629X 28528650000085912   7               17052018000000000006646001003409                         0900000000000010000000000000000000000000000000000000000   0000000000000000000000210A9        170272852865     
0010001300014U 020000000000000000000000000000000000000000000000000000000000000000000000000000000000000000000000000000000000000000000000001705201800000000            000000000000000                              000                           
0010001300015T 02002003000000028629X 28528650000087106   7               10012019000000000005500001009458                         0900000000000010000000000000000000000000000000000000000   0000000000000000000000210A9        170272852865     
0010001300016U 020000000000000000000000000000000000000000000000000000000000000000000000000000000000000000000000000000000000000000000000001705201800000000            000000000000000                              000                           
0010001300017T 02002003000000028629X 28528650000087107   7               10022019000000000005500001009458                         0900000000000010000000000000000000000000000000000000000   0000000000000000000000210A9        170272852865     
0010001300018U 020000000000000000000000000000000000000000000000000000000000000000000000000000000000000000000000000000000000000000000000001705201800000000            000000000000000                              000                           
0010001300019T 02002003000000028629X 28528650000087108   7               10032019000000000005500001009458                         0900000000000010000000000000000000000000000000000000000   0000000000000000000000210A9        170272852865     
0010001300020U 020000000000000000000000000000000000000000000000000000000000000000000000000000000000000000000000000000000000000000000000001705201800000000            000000000000000                              000                           
0010001300021T 02002003000000028629X 28528650000087502   7               17052018000000000004381001003409                         0900000000000010000000000000000000000000000000000000000   0000000000000000000000210A9        170272852865     
0010001300022U 020000000000000000000000000000000000000000000000000000000000000000000000000000000000000000000000000000000000000000000000001705201800000000            000000000000000                              000                           
0010001300023T 02002003000000028629X 28528650000087954   7               20062018000000000010000001016179                         0900000000000010000000000000000000000000000000000000000   0000000000000000000000210A9        170272852865     
0010001300024U 020000000000000000000000000000000000000000000000000000000000000000000000000000000000000000000000000000000000000000000000001705201800000000            000000000000000                              000                           
0010001300025T 02002003000000028629X 28528650000087955   7               20072018000000000010000001016179                         0900000000000010000000000000000000000000000000000000000   0000000000000000000000210A9        170272852865     
0010001300026U 020000000000000000000000000000000000000000000000000000000000000000000000000000000000000000000000000000000000000000000000001705201800000000            000000000000000                              000                           
0010001300027T 02002003000000028629X 28528650000087956   7               20082018000000000010000001016179                         0900000000000010000000000000000000000000000000000000000   0000000000000000000000210A9        170272852865     
0010001300028U 020000000000000000000000000000000000000000000000000000000000000000000000000000000000000000000000000000000000000000000000001705201800000000            000000000000000                              000                           
0010001300029T 02002003000000028629X 28528650000087957   7               20092018000000000010000001016179                         0900000000000010000000000000000000000000000000000000000   0000000000000000000000210A9        170272852865     
0010001300030U 020000000000000000000000000000000000000000000000000000000000000000000000000000000000000000000000000000000000000000000000001705201800000000            000000000000000                              000                           
0010001300031T 02002003000000028629X 28528650000087958   7               20102018000000000010000001016179                         0900000000000010000000000000000000000000000000000000000   0000000000000000000000210A9        170272852865     
0010001300032U 020000000000000000000000000000000000000000000000000000000000000000000000000000000000000000000000000000000000000000000000001705201800000000            000000000000000                              000                           
0010001300033T 02002003000000028629X 28528650000087959   7               20112018000000000010000001016179                         0900000000000010000000000000000000000000000000000000000   0000000000000000000000210A9        170272852865     
0010001300034U 020000000000000000000000000000000000000000000000000000000000000000000000000000000000000000000000000000000000000000000000001705201800000000            000000000000000                              000                           
0010001300035T 02002003000000028629X 28528650000087960   7               20122018000000000010000001016179                         0900000000000010000000000000000000000000000000000000000   0000000000000000000000210A9        170272852865     
0010001300036U 020000000000000000000000000000000000000000000000000000000000000000000000000000000000000000000000000000000000000000000000001705201800000000            000000000000000                              000                           
0010001300037T 02002003000000028629X 28528650000087961   7               20012019000000000010000001016179                         0900000000000010000000000000000000000000000000000000000   0000000000000000000000210A9        170272852865     
0010001300038U 020000000000000000000000000000000000000000000000000000000000000000000000000000000000000000000000000000000000000000000000001705201800000000            000000000000000                              000                           
0010001300039T 02002003000000028629X 28528650000087962   7               20022019000000000010000001016179                         0900000000000010000000000000000000000000000000000000000   0000000000000000000000210A9        170272852865     
0010001300040U 020000000000000000000000000000000000000000000000000000000000000000000000000000000000000000000000000000000000000000000000001705201800000000            000000000000000                              000                           
0010001300041T 02002003000000028629X 28528650000087963   7               20032019000000000010000001016179                         0900000000000010000000000000000000000000000000000000000   0000000000000000000000210A9        170272852865     
0010001300042U 020000000000000000000000000000000000000000000000000000000000000000000000000000000000000000000000000000000000000000000000001705201800000000            000000000000000                              000                           
0010001300043T 02002003000000028629X 28528650000087964   7               20042019000000000010000001016179                         0900000000000010000000000000000000000000000000000000000   0000000000000000000000210A9        170272852865     
0010001300044U 020000000000000000000000000000000000000000000000000000000000000000000000000000000000000000000000000000000000000000000000001705201800000000            000000000000000                              000                           
0010001300045T 02002003000000028629X 28528650000087965   7               20052019000000000010000001016179                         0900000000000010000000000000000000000000000000000000000   0000000000000000000000210A9        170272852865     
0010001300046U 020000000000000000000000000000000000000000000000000000000000000000000000000000000000000000000000000000000000000000000000001705201800000000            000000000000000                              000                           
0010001300047T 02002003000000028629X 28528650000087966   7               17052018000000000009422001035297                         0900000000000010000000000000000000000000000000000000000   0000000000000000000000210A9        170272852865     
0010001300048U 020000000000000000000000000000000000000000000000000000000000000000000000000000000000000000000000000000000000000000000000001705201800000000            000000000000000                              000                           
0010001300049T 02002003000000028629X 28528650000087967   7               17052018000000000009422001035297                         0900000000000010000000000000000000000000000000000000000   0000000000000000000000210A9        170272852865     
0010001300050U 020000000000000000000000000000000000000000000000000000000000000000000000000000000000000000000000000000000000000000000000001705201800000000            000000000000000                              000                           
0010001300051T 02002003000000028629X 28528650000087968   7               17052018000000000009422001035297                         0900000000000010000000000000000000000000000000000000000   0000000000000000000000210A9        170272852865     
0010001300052U 020000000000000000000000000000000000000000000000000000000000000000000000000000000000000000000000000000000000000000000000001705201800000000            000000000000000                              000                           
0010001300053T 02002003000000028629X 28528650000087969   7               30052018000000000024950001033316                         0900000000000010500000000000000000000000000000000000000   0000000000000000000000000A9A4      170272852865     
0010001300054U 020000000000000000000000000000000000000000000000000000000000000000000000000000000000000000000000000000000000000000000000001705201800000000            000000000000000                              000                           
0010001300055T 02002003000000028629X 28528650000087970   7               20052018000000000008000001016810                         0900000000000010500000000000000000000000000000000000000   0000000000000000000000000A9A4      170272852865     
0010001300056U 020000000000000000000000000000000000000000000000000000000000000000000000000000000000000000000000000000000000000000000000001705201800000000            000000000000000                              000                           
0010001300057T 02002003000000028629X 28528650000087971   7               21052018000000000009422001035297                         0900000000000010000000000000000000000000000000000000000   0000000000000000000000210A9        170272852865     
0010001300058U 020000000000000000000000000000000000000000000000000000000000000000000000000000000000000000000000000000000000000000000000001705201800000000            000000000000000                              000                           
0010001300059T 02002003000000028629X 28528650000087972   7               17052018000000000009422001035297                         0900000000000010000000000000000000000000000000000000000   0000000000000000000000210A9        170272852865     
0010001300060U 020000000000000000000000000000000000000000000000000000000000000000000000000000000000000000000000000000000000000000000000001705201800000000            000000000000000                              000                           
0010001300061T 02002003000000028629X 28528650000087973   7               18052018000000000009422001035297                         0900000000000010000000000000000000000000000000000000000   0000000000000000000000210A9        170272852865     
0010001300062U 020000000000000000000000000000000000000000000000000000000000000000000000000000000000000000000000000000000000000000000000001705201800000000            000000000000000                              000                           
0010001300063T 02002003000000028629X 28528650000087974   7               21052018000000000059500001016179                         0900000000000010000000000000000000000000000000000000000   0000000000000000000000210A9        170272852865     
0010001300064U 020000000000000000000000000000000000000000000000000000000000000000000000000000000000000000000000000000000000000000000000001705201800000000            000000000000000                              000                           
0010001300065T 06002003000000028629X 28528650000085912   7               17052018000000000006646341076490                         0900000000000010000000000000000000000000000000000000000   000000000000000000000000000        170272852865     
0010001300066U 060000000000000000000000000000000000000000000000000000000000000000000000066460000000000066460000000000000000000000000000001705201818052018            000000000000000                              000                           
0010001300067T 06002003000000028629X 28528650000087502   7               17052018000000000004381341076490                         0900000000000010000000000000000000000000000000000000000   000000000000000000000000000        170272852865     
0010001300068U 060000000000000000000000000000000000000000000000000000000000000000000000043810000000000043810000000000000000000000000000001705201818052018            000000000000000                              000                           
0010001300069T 06002003000000028629X 28528650000087966   7               17052018000000000009422104004490                         0900000000000010000000000000000000000000000000000000000   000000000000000000000000000        170272852865     
0010001300070U 060000000000000000000000000000000000000000000000000000000000000000000000094220000000000094220000000000000000000000000000001705201818052018            000000000000000                              000                           
0010001300071T 06002003000000028629X 28528650000087967   7               17052018000000000009422104004490                         0900000000000010000000000000000000000000000000000000000   000000000000000000000000000        170272852865     
0010001300072U 060000000000000000000000000000000000000000000000000000000000000000000000094220000000000094220000000000000000000000000000001705201818052018            000000000000000                              000                           
0010001300073T 06002003000000028629X 28528650000087968   7               17052018000000000009422041000280                         0900000000000010000000000000000000000000000000000000000   000000000000000000000000000        170272852865     
0010001300074U 060000000000000000000000000000000000000000000000000000000000000000000000094220000000000094220000000000000000000000000000001705201818052018            000000000000000                              000                           
0010001300075T 06002003000000028629X 28528650000087972   7               17052018000000000009422041011510                         0900000000000010000000000000000000000000000000000000000   000000000000000000000000000        170272852865     
0010001300076U 060000000000000000000000000000000000000000000000000000000000000000000000094220000000000094220000000000000000000000000000001705201818052018            000000000000000                              000                           
0010001300077T 06002003000000028629X 28528650000087973   7               18052018000000000009422104004440                         0900000000000010000000000000000000000000000000000000000   000000000000000000000000000        170272852865     
0010001300078U 060000000000000000000000000000000000000000000000000000000000000000000000094220000000000094220000000000000000000000000000001705201818052018            000000000000000                              000                           
00100015         000080000086000000000072835220000000000000000000000000000000000000000000000000000000000000000000000000000000000000000000000000000                                                                                              
00199999         000001000082000000                                                                                                                                                            00000000000000000000000000000                    
