00100000         2093389990001580028528650014       002003000000028629X SHOW PRESTADORA DE SERVICOS DOBANCO DO BRASIL                         22205201801080300070603000000504290680PROCESSAMEN                                                 
00100011T0100020 20093389990001580028528650014       002003000000028629X SHOW PRESTADORA DE SERVICOS DO                                                                                000000002205201800000000  000000000                      
0010001300001T 02002003000000028629X 28528650000085818   7               28052018000000000011000001028029                         0900000000000010500000000000000000000000000000000000000   0000000000000000000000000A9A4      170272852865     
0010001300002U 020000000000000000000000000000000000000000000000000000000000000000000000000000000000000000000000000000000000000000000000002205201800000000            000000000000000                              000                           
0010001300003T 02002003000000028629X 28528650000085819   7               28062018000000000011000001028029                         0900000000000010500000000000000000000000000000000000000   0000000000000000000000000A9A4      170272852865     
0010001300004U 020000000000000000000000000000000000000000000000000000000000000000000000000000000000000000000000000000000000000000000000002205201800000000            000000000000000                              000                           
0010001300005T 02002003000000028629X 28528650000085820   7               28072018000000000011000001028029                         0900000000000010500000000000000000000000000000000000000   0000000000000000000000000A9A4      170272852865     
0010001300006U 020000000000000000000000000000000000000000000000000000000000000000000000000000000000000000000000000000000000000000000000002205201800000000            000000000000000                              000                           
0010001300007T 02002003000000028629X 28528650000085821   7               28082018000000000011000001028029                         0900000000000010500000000000000000000000000000000000000   0000000000000000000000000A9A4      170272852865     
0010001300008U 020000000000000000000000000000000000000000000000000000000000000000000000000000000000000000000000000000000000000000000000002205201800000000            000000000000000                              000                           
0010001300009T 02002003000000028629X 28528650000085822   7               28092018000000000011000001028029                         0900000000000010500000000000000000000000000000000000000   0000000000000000000000000A9A4      170272852865     
0010001300010U 020000000000000000000000000000000000000000000000000000000000000000000000000000000000000000000000000000000000000000000000002205201800000000            000000000000000                              000                           
0010001300011T 02002003000000028629X 28528650000085823   7               28102018000000000011000001028029                         0900000000000010500000000000000000000000000000000000000   0000000000000000000000000A9A4      170272852865     
0010001300012U 020000000000000000000000000000000000000000000000000000000000000000000000000000000000000000000000000000000000000000000000002205201800000000            000000000000000                              000                           
0010001300013T 02002003000000028629X 28528650000085824   7               28112018000000000011000001028029                         0900000000000010500000000000000000000000000000000000000   0000000000000000000000000A9A4      170272852865     
0010001300014U 020000000000000000000000000000000000000000000000000000000000000000000000000000000000000000000000000000000000000000000000002205201800000000            000000000000000                              000                           
0010001300015T 02002003000000028629X 28528650000085825   7               28122018000000000011000001028029                         0900000000000010500000000000000000000000000000000000000   0000000000000000000000000A9A4      170272852865     
0010001300016U 020000000000000000000000000000000000000000000000000000000000000000000000000000000000000000000000000000000000000000000000002205201800000000            000000000000000                              000                           
0010001300017T 02002003000000028629X 28528650000087441   7               30052018000000000025935001018376                         0900000000000010000000000000000000000000000000000000000   0000000000000000000000210A9        170272852865     
0010001300018U 020000000000000000000000000000000000000000000000000000000000000000000000000000000000000000000000000000000000000000000000002205201800000000            000000000000000                              000                           
0010001300019T 02002003000000028629X 28528650000088007   7               11062018000000000011000001028029                         0900000000000010500000000000000000000000000000000000000   0000000000000000000000000A9A4      170272852865     
0010001300020U 020000000000000000000000000000000000000000000000000000000000000000000000000000000000000000000000000000000000000000000000002205201800000000            000000000000000                              000                           
0010001300021T 02002003000000028629X 28528650000088008   7               20062018000000000011000001028029                         0900000000000010500000000000000000000000000000000000000   0000000000000000000000000A9A4      170272852865     
0010001300022U 020000000000000000000000000000000000000000000000000000000000000000000000000000000000000000000000000000000000000000000000002205201800000000            000000000000000                              000                           
00100015         000024000179000000000087034700000000000000000000000000000000000000000000000000000000000000000000000000000000000000000000000000000                                                                                              
00199999         000001000026000000                                                                                                                                                            00000000000000000000000000000                    
