00100000         2093389990001580028528650014       002003000000028629X SHOW PRESTADORA DE SERVICOS DOBANCO DO BRASIL                         22105201802301900070403000000504290680PROCESSAMEN                                                 
00100011T0100020 20093389990001580028528650014       002003000000028629X SHOW PRESTADORA DE SERVICOS DO                                                                                000000002105201800000000  000000000                      
0010001300001T 02002003000000028629X 28528650000085136   7               20062018000000000005500001028029                         0900000000000010000000000000000000000000000000000000000   0000000000000000000000210A9        170272852865     
0010001300002U 020000000000000000000000000000000000000000000000000000000000000000000000000000000000000000000000000000000000000000000000002105201800000000            000000000000000                              000                           
0010001300003T 02002003000000028629X 28528650000085137   7               20072018000000000005500001028029                         0900000000000010000000000000000000000000000000000000000   0000000000000000000000210A9        170272852865     
0010001300004U 020000000000000000000000000000000000000000000000000000000000000000000000000000000000000000000000000000000000000000000000002105201800000000            000000000000000                              000                           
0010001300005T 02002003000000028629X 28528650000085138   7               20082018000000000005500001028029                         0900000000000010000000000000000000000000000000000000000   0000000000000000000000210A9        170272852865     
0010001300006U 020000000000000000000000000000000000000000000000000000000000000000000000000000000000000000000000000000000000000000000000002105201800000000            000000000000000                              000                           
0010001300007T 02002003000000028629X 28528650000085139   7               20092018000000000005500001028029                         0900000000000010000000000000000000000000000000000000000   0000000000000000000000210A9        170272852865     
0010001300008U 020000000000000000000000000000000000000000000000000000000000000000000000000000000000000000000000000000000000000000000000002105201800000000            000000000000000                              000                           
0010001300009T 02002003000000028629X 28528650000085140   7               20102018000000000005500001028029                         0900000000000010000000000000000000000000000000000000000   0000000000000000000000210A9        170272852865     
0010001300010U 020000000000000000000000000000000000000000000000000000000000000000000000000000000000000000000000000000000000000000000000002105201800000000            000000000000000                              000                           
0010001300011T 02002003000000028629X 28528650000085141   7               20112018000000000005500001028029                         0900000000000010000000000000000000000000000000000000000   0000000000000000000000210A9        170272852865     
0010001300012U 020000000000000000000000000000000000000000000000000000000000000000000000000000000000000000000000000000000000000000000000002105201800000000            000000000000000                              000                           
0010001300013T 02002003000000028629X 28528650000085142   7               20122018000000000005500001028029                         0900000000000010000000000000000000000000000000000000000   0000000000000000000000210A9        170272852865     
0010001300014U 020000000000000000000000000000000000000000000000000000000000000000000000000000000000000000000000000000000000000000000000002105201800000000            000000000000000                              000                           
0010001300015T 02002003000000028629X 28528650000087099   7               10062018000000000005500001009458                         0900000000000010000000000000000000000000000000000000000   0000000000000000000000210A9        170272852865     
0010001300016U 020000000000000000000000000000000000000000000000000000000000000000000000000000000000000000000000000000000000000000000000002105201800000000            000000000000000                              000                           
0010001300017T 02002003000000028629X 28528650000087100   7               10072018000000000005500001009458                         0900000000000010000000000000000000000000000000000000000   0000000000000000000000210A9        170272852865     
0010001300018U 020000000000000000000000000000000000000000000000000000000000000000000000000000000000000000000000000000000000000000000000002105201800000000            000000000000000                              000                           
0010001300019T 02002003000000028629X 28528650000087101   7               10082018000000000005500001009458                         0900000000000010000000000000000000000000000000000000000   0000000000000000000000210A9        170272852865     
0010001300020U 020000000000000000000000000000000000000000000000000000000000000000000000000000000000000000000000000000000000000000000000002105201800000000            000000000000000                              000                           
0010001300021T 02002003000000028629X 28528650000087102   7               10092018000000000005500001009458                         0900000000000010000000000000000000000000000000000000000   0000000000000000000000210A9        170272852865     
0010001300022U 020000000000000000000000000000000000000000000000000000000000000000000000000000000000000000000000000000000000000000000000002105201800000000            000000000000000                              000                           
0010001300023T 02002003000000028629X 28528650000087103   7               10102018000000000005500001009458                         0900000000000010000000000000000000000000000000000000000   0000000000000000000000210A9        170272852865     
0010001300024U 020000000000000000000000000000000000000000000000000000000000000000000000000000000000000000000000000000000000000000000000002105201800000000            000000000000000                              000                           
0010001300025T 02002003000000028629X 28528650000087104   7               10112018000000000005500001009458                         0900000000000010000000000000000000000000000000000000000   0000000000000000000000210A9        170272852865     
0010001300026U 020000000000000000000000000000000000000000000000000000000000000000000000000000000000000000000000000000000000000000000000002105201800000000            000000000000000                              000                           
0010001300027T 02002003000000028629X 28528650000087105   7               10122018000000000005500001009458                         0900000000000010000000000000000000000000000000000000000   0000000000000000000000210A9        170272852865     
0010001300028U 020000000000000000000000000000000000000000000000000000000000000000000000000000000000000000000000000000000000000000000000002105201800000000            000000000000000                              000                           
0010001300029T 02002003000000028629X 28528650000087839   7               20062018000000000006000001016179                         0900000000000010000000000000000000000000000000000000000   0000000000000000000000210A9        170272852865     
0010001300030U 020000000000000000000000000000000000000000000000000000000000000000000000000000000000000000000000000000000000000000000000002105201800000000            000000000000000                              000                           
0010001300031T 02002003000000028629X 28528650000087840   7               20072018000000000006000001016179                         0900000000000010000000000000000000000000000000000000000   0000000000000000000000210A9        170272852865     
0010001300032U 020000000000000000000000000000000000000000000000000000000000000000000000000000000000000000000000000000000000000000000000002105201800000000            000000000000000                              000                           
0010001300033T 02002003000000028629X 28528650000087841   7               20082018000000000006000001016179                         0900000000000010000000000000000000000000000000000000000   0000000000000000000000210A9        170272852865     
0010001300034U 020000000000000000000000000000000000000000000000000000000000000000000000000000000000000000000000000000000000000000000000002105201800000000            000000000000000                              000                           
0010001300035T 02002003000000028629X 28528650000087842   7               20092018000000000006000001016179                         0900000000000010000000000000000000000000000000000000000   0000000000000000000000210A9        170272852865     
0010001300036U 020000000000000000000000000000000000000000000000000000000000000000000000000000000000000000000000000000000000000000000000002105201800000000            000000000000000                              000                           
0010001300037T 02002003000000028629X 28528650000087843   7               20102018000000000006000001016179                         0900000000000010000000000000000000000000000000000000000   0000000000000000000000210A9        170272852865     
0010001300038U 020000000000000000000000000000000000000000000000000000000000000000000000000000000000000000000000000000000000000000000000002105201800000000            000000000000000                              000                           
0010001300039T 02002003000000028629X 28528650000087844   7               20112018000000000006000001016179                         0900000000000010000000000000000000000000000000000000000   0000000000000000000000210A9        170272852865     
0010001300040U 020000000000000000000000000000000000000000000000000000000000000000000000000000000000000000000000000000000000000000000000002105201800000000            000000000000000                              000                           
0010001300041T 02002003000000028629X 28528650000087845   7               20122018000000000006000001016179                         0900000000000010000000000000000000000000000000000000000   0000000000000000000000210A9        170272852865     
0010001300042U 020000000000000000000000000000000000000000000000000000000000000000000000000000000000000000000000000000000000000000000000002105201800000000            000000000000000                              000                           
0010001300043T 02002003000000028629X 28528650000087850   7               30062018000000000005500001016179                         0900000000000010500000000000000000000000000000000000000   0000000000000000000000000A9A4      170272852865     
0010001300044U 020000000000000000000000000000000000000000000000000000000000000000000000000000000000000000000000000000000000000000000000002105201800000000            000000000000000                              000                           
0010001300045T 02002003000000028629X 28528650000087851   7               30072018000000000005500001016179                         0900000000000010500000000000000000000000000000000000000   0000000000000000000000000A9A4      170272852865     
0010001300046U 020000000000000000000000000000000000000000000000000000000000000000000000000000000000000000000000000000000000000000000000002105201800000000            000000000000000                              000                           
0010001300047T 02002003000000028629X 28528650000087852   7               30082018000000000005500001016179                         0900000000000010500000000000000000000000000000000000000   0000000000000000000000000A9A4      170272852865     
0010001300048U 020000000000000000000000000000000000000000000000000000000000000000000000000000000000000000000000000000000000000000000000002105201800000000            000000000000000                              000                           
0010001300049T 02002003000000028629X 28528650000087853   7               30092018000000000005500001016179                         0900000000000010500000000000000000000000000000000000000   0000000000000000000000000A9A4      170272852865     
0010001300050U 020000000000000000000000000000000000000000000000000000000000000000000000000000000000000000000000000000000000000000000000002105201800000000            000000000000000                              000                           
0010001300051T 02002003000000028629X 28528650000087854   7               30102018000000000005500001016179                         0900000000000010500000000000000000000000000000000000000   0000000000000000000000000A9A4      170272852865     
0010001300052U 020000000000000000000000000000000000000000000000000000000000000000000000000000000000000000000000000000000000000000000000002105201800000000            000000000000000                              000                           
0010001300053T 02002003000000028629X 28528650000087855   7               30112018000000000005500001016179                         0900000000000010500000000000000000000000000000000000000   0000000000000000000000000A9A4      170272852865     
0010001300054U 020000000000000000000000000000000000000000000000000000000000000000000000000000000000000000000000000000000000000000000000002105201800000000            000000000000000                              000                           
0010001300055T 02002003000000028629X 28528650000087856   7               30122018000000000005500001016179                         0900000000000010500000000000000000000000000000000000000   0000000000000000000000000A9A4      170272852865     
0010001300056U 020000000000000000000000000000000000000000000000000000000000000000000000000000000000000000000000000000000000000000000000002105201800000000            000000000000000                              000                           
0010001300057T 02002003000000028629X 28528650000087858   7               20062018000000000030000001018376                         0900000000000010000000000000000000000000000000000000000   0000000000000000000000210A9        170272852865     
0010001300058U 020000000000000000000000000000000000000000000000000000000000000000000000000000000000000000000000000000000000000000000000002105201800000000            000000000000000                              000                           
0010001300059T 02002003000000028629X 28528650000087859   7               20072018000000000030000001018376                         0900000000000010000000000000000000000000000000000000000   0000000000000000000000210A9        170272852865     
0010001300060U 020000000000000000000000000000000000000000000000000000000000000000000000000000000000000000000000000000000000000000000000002105201800000000            000000000000000                              000                           
0010001300061T 02002003000000028629X 28528650000087860   7               20082018000000000030000001018376                         0900000000000010000000000000000000000000000000000000000   0000000000000000000000210A9        170272852865     
0010001300062U 020000000000000000000000000000000000000000000000000000000000000000000000000000000000000000000000000000000000000000000000002105201800000000            000000000000000                              000                           
0010001300063T 02002003000000028629X 28528650000087861   7               20092018000000000030000001018376                         0900000000000010000000000000000000000000000000000000000   0000000000000000000000210A9        170272852865     
0010001300064U 020000000000000000000000000000000000000000000000000000000000000000000000000000000000000000000000000000000000000000000000002105201800000000            000000000000000                              000                           
0010001300065T 02002003000000028629X 28528650000087862   7               20102018000000000030000001018376                         0900000000000010000000000000000000000000000000000000000   0000000000000000000000210A9        170272852865     
0010001300066U 020000000000000000000000000000000000000000000000000000000000000000000000000000000000000000000000000000000000000000000000002105201800000000            000000000000000                              000                           
0010001300067T 02002003000000028629X 28528650000087863   7               20112018000000000030000001018376                         0900000000000010000000000000000000000000000000000000000   0000000000000000000000210A9        170272852865     
0010001300068U 020000000000000000000000000000000000000000000000000000000000000000000000000000000000000000000000000000000000000000000000002105201800000000            000000000000000                              000                           
0010001300069T 02002003000000028629X 28528650000087864   7               20122018000000000030000001018376                         0900000000000010000000000000000000000000000000000000000   0000000000000000000000210A9        170272852865     
0010001300070U 020000000000000000000000000000000000000000000000000000000000000000000000000000000000000000000000000000000000000000000000002105201800000000            000000000000000                              000                           
0010001300071T 02002003000000028629X 28528650000087865   7               20062018000000000027300001035041                         0900000000000010000000000000000000000000000000000000000   0000000000000000000000210A9        170272852865     
0010001300072U 020000000000000000000000000000000000000000000000000000000000000000000000000000000000000000000000000000000000000000000000002105201800000000            000000000000000                              000                           
0010001300073T 02002003000000028629X 28528650000087866   7               20072018000000000027300001035041                         0900000000000010000000000000000000000000000000000000000   0000000000000000000000210A9        170272852865     
0010001300074U 020000000000000000000000000000000000000000000000000000000000000000000000000000000000000000000000000000000000000000000000002105201800000000            000000000000000                              000                           
0010001300075T 02002003000000028629X 28528650000087867   7               20082018000000000027300001035041                         0900000000000010000000000000000000000000000000000000000   0000000000000000000000210A9        170272852865     
0010001300076U 020000000000000000000000000000000000000000000000000000000000000000000000000000000000000000000000000000000000000000000000002105201800000000            000000000000000                              000                           
0010001300077T 02002003000000028629X 28528650000087868   7               20092018000000000027300001035041                         0900000000000010000000000000000000000000000000000000000   0000000000000000000000210A9        170272852865     
0010001300078U 020000000000000000000000000000000000000000000000000000000000000000000000000000000000000000000000000000000000000000000000002105201800000000            000000000000000                              000                           
0010001300079T 02002003000000028629X 28528650000087869   7               20102018000000000027300001035041                         0900000000000010000000000000000000000000000000000000000   0000000000000000000000210A9        170272852865     
0010001300080U 020000000000000000000000000000000000000000000000000000000000000000000000000000000000000000000000000000000000000000000000002105201800000000            000000000000000                              000                           
0010001300081T 02002003000000028629X 28528650000087870   7               20112018000000000027300001035041                         0900000000000010000000000000000000000000000000000000000   0000000000000000000000210A9        170272852865     
0010001300082U 020000000000000000000000000000000000000000000000000000000000000000000000000000000000000000000000000000000000000000000000002105201800000000            000000000000000                              000                           
0010001300083T 02002003000000028629X 28528650000087871   7               20122018000000000027300001035041                         0900000000000010000000000000000000000000000000000000000   0000000000000000000000210A9        170272852865     
0010001300084U 020000000000000000000000000000000000000000000000000000000000000000000000000000000000000000000000000000000000000000000000002105201800000000            000000000000000                              000                           
0010001300085T 02002003000000028629X 28528650000087923   7               26052018000000000034300001035041                         0900000000000010000000000000000000000000000000000000000   0000000000000000000000210A9        170272852865     
0010001300086U 020000000000000000000000000000000000000000000000000000000000000000000000000000000000000000000000000000000000000000000000002105201800000000            000000000000000                              000                           
0010001300087T 02002003000000028629X 28528650000087924   7               26052018000000000027300001035041                         0900000000000010000000000000000000000000000000000000000   0000000000000000000000210A9        170272852865     
0010001300088U 020000000000000000000000000000000000000000000000000000000000000000000000000000000000000000000000000000000000000000000000002105201800000000            000000000000000                              000                           
0010001300089T 02002003000000028629X 28528650000087999   7               21052018000000000009422001035297                         0900000000000010000000000000000000000000000000000000000   0000000000000000000000210A9        170272852865     
0010001300090U 020000000000000000000000000000000000000000000000000000000000000000000000000000000000000000000000000000000000000000000000002105201800000000            000000000000000                              000                           
0010001300091T 02002003000000028629X 28528650000088000   7               21052018000000000009422001035297                         0900000000000010000000000000000000000000000000000000000   0000000000000000000000210A9        170272852865     
0010001300092U 020000000000000000000000000000000000000000000000000000000000000000000000000000000000000000000000000000000000000000000000002105201800000000            000000000000000                              000                           
0010001300093T 02002003000000028629X 28528650000088001   7               21052018000000000009422001035297                         0900000000000010000000000000000000000000000000000000000   0000000000000000000000210A9        170272852865     
0010001300094U 020000000000000000000000000000000000000000000000000000000000000000000000000000000000000000000000000000000000000000000000002105201800000000            000000000000000                              000                           
0010001300095T 02002003000000028629X 28528650000088002   7               22052018000000000005500001009458                         0900000000000010000000000000000000000000000000000000000   0000000000000000000000210A9        170272852865     
0010001300096U 020000000000000000000000000000000000000000000000000000000000000000000000000000000000000000000000000000000000000000000000002105201800000000            000000000000000                              000                           
0010001300097T 02002003000000028629X 28528650000088003   7               29052018000000000005500001009458                         0900000000000010000000000000000000000000000000000000000   0000000000000000000000210A9        170272852865     
0010001300098U 020000000000000000000000000000000000000000000000000000000000000000000000000000000000000000000000000000000000000000000000002105201800000000            000000000000000                              000                           
0010001300099T 02002003000000028629X 28528650000088004   7               23052018000000000011000001023655                         0900000000000010000000000000000000000000000000000000000   0000000000000000000000210A9        170272852865     
0010001300100U 020000000000000000000000000000000000000000000000000000000000000000000000000000000000000000000000000000000000000000000000002105201800000000            000000000000000                              000                           
0010001300101T 02002003000000028629X 28528650000088005   7               23052018000000000011000001023655                         0900000000000010000000000000000000000000000000000000000   0000000000000000000000210A9        170272852865     
0010001300102U 020000000000000000000000000000000000000000000000000000000000000000000000000000000000000000000000000000000000000000000000002105201800000000            000000000000000                              000                           
0010001300103T 02002003000000028629X 28528650000088006   7               23052018000000000011000001023655                         0900000000000010000000000000000000000000000000000000000   0000000000000000000000210A9        170272852865     
0010001300104U 020000000000000000000000000000000000000000000000000000000000000000000000000000000000000000000000000000000000000000000000002105201800000000            000000000000000                              000                           
0010001300105T 06002003000000028629X 28528650000000028   22367/05        20052018000000000034930001000116                         0900000000000010000000000000000000000000000000000000000   000000000000000000000000000        170272852865     
0010001300106U 060000000000000000000000000000000000000000000000000000000000000000000000349300000000000349300000000000000000000000000000002105201822052018            000000000000000                              000                           
0010001300107T 06002003000000028629X 28528650000000050   22094/05        20052018000000000150550237032100                         0900000000000010000000000000000000000000000000000000000   000000000000000000000000000        170272852865     
0010001300108U 060000000000000000000000000000000000000000000000000000000000000000000001505500000000001505500000000000000000000000000000002105201822052018            000000000000000                              000                           
0010001300109T 06002003000000028629X 28528650000000159   2102/05         20052018000000000056450001007595                         0900000000000010000000000000000000000000000000000000000   000000000000000000000000000        170272852865     
0010001300110U 060000000000000000000000000000000000000000000000000000000000000000000000564500000000000564500000000000000000000000000000002105201822052018            000000000000000                              000                           
0010001300111T 06002003000000028629X 28528650000085523   7               21052018000000000005639001082023                         0900000000000010000000000000000000000000000000000000000   000000000000000000000000000        170272852865     
0010001300112U 060000000000000000000000000000000000000000000000000000000000000000000000056390000000000056390000000000000000000000000000002105201822052018            000000000000000                              000                           
0010001300113T 06002003000000028629X 28528650000087970   7               20052018000000000008000001000116                         0900000000000010000000000000000000000000000000000000000   000000000000000000000000000        170272852865     
0010001300114U 060000000000000000000000000000000000000000000000000000000000000000000000080000000000000080000000000000000000000000000000002105201822052018            000000000000000                              000                           
0010001300115T 06002003000000028629X 28528650000087971   7               21052018000000000009422041009650                         0900000000000010000000000000000000000000000000000000000   000000000000000000000000000        170272852865     
0010001300116U 060000000000000000000000000000000000000000000000000000000000000000000000094220000000000094220000000000000000000000000000002105201822052018            000000000000000                              000                           
0010001300117T 06002003000000028629X 28528650000087974   7               21052018000000000059500341081200                         0900000000000010000000000000000000000000000000000000000   000000000000000000000000000        170272852865     
0010001300118U 060000000000000000000000000000000000000000000000000000000000000000000000595000000000000595000000000000000000000000000000002105201822052018            000000000000000                              000                           
0010001300119T 06002003000000028629X 28528650000087999   7               21052018000000000009422104034600                         0900000000000010000000000000000000000000000000000000000   000000000000000000000000000        170272852865     
0010001300120U 060000000000000000000000000000000000000000000000000000000000000000000000094220000000000094220000000000000000000000000000002105201822052018            000000000000000                              000                           
0010001300121T 06002003000000028629X 28528650000088000   7               21052018000000000009422041008450                         0900000000000010000000000000000000000000000000000000000   000000000000000000000000000        170272852865     
0010001300122U 060000000000000000000000000000000000000000000000000000000000000000000000094220000000000094220000000000000000000000000000002105201822052018            000000000000000                              000                           
0010001300123T 06002003000000028629X 28528650000088001   7               21052018000000000009422104034600                         0900000000000010000000000000000000000000000000000000000   000000000000000000000000000        170272852865     
0010001300124U 060000000000000000000000000000000000000000000000000000000000000000000000094220000000000094220000000000000000000000000000002105201822052018            000000000000000                              000                           
0010001300125T 28002003000000028629X 28528650000000047   22094/02        20022018000000000150550001000000                         0900000000000000000000000000000000000000000000000000000   000000000000000000000061002        170272852865     
0010001300126U 280000000000000000000000000000000000000000000000000000000000000000000000000000000000000000000000000000000000000000000000002105201800000000            000000000000000                              000                           
00100015         000128000168000000000085675350000640000000000707648000000000000000000000000000000000000000000000000000000000000000000000000000000                                                                                              
00199999         000001000130000000                                                                                                                                                            00000000000000000000000000000                    
