00100000         2093389990001580028528650014       002003000000028629X SHOW PRESTADORA DE SERVICOS DOBANCO DO BRASIL                         21805201801045600070203000000504290680PROCESSAMEN                                                 
00100011T0100020 20093389990001580028528650014       002003000000028629X SHOW PRESTADORA DE SERVICOS DO                                                                                000000001805201800000000  000000000                      
0010001300001T 02002003000000028629X 28528650000084973   7               28052018000000000036450001000671                         0900000000000010000000000000000000000000000000000000000   0000000000000000000000210A9        170272852865     
0010001300002U 020000000000000000000000000000000000000000000000000000000000000000000000000000000000000000000000000000000000000000000000001805201800000000            000000000000000                              000                           
0010001300003T 02002003000000028629X 28528650000085523   7               2105201800000000000563900101981X                         0900000000000010000000000000000000000000000000000000000   0000000000000000000000210A9        170272852865     
0010001300004U 020000000000000000000000000000000000000000000000000000000000000000000000000000000000000000000000000000000000000000000000001805201800000000            000000000000000                              000                           
0010001300005T 02002003000000028629X 28528650000085524   7               1506201800000000000544000101981X                         0900000000000010000000000000000000000000000000000000000   0000000000000000000000210A9        170272852865     
0010001300006U 020000000000000000000000000000000000000000000000000000000000000000000000000000000000000000000000000000000000000000000000001805201800000000            000000000000000                              000                           
0010001300007T 02002003000000028629X 28528650000085525   7               1507201800000000000544000101981X                         0900000000000010000000000000000000000000000000000000000   0000000000000000000000210A9        170272852865     
0010001300008U 020000000000000000000000000000000000000000000000000000000000000000000000000000000000000000000000000000000000000000000000001805201800000000            000000000000000                              000                           
0010001300009T 02002003000000028629X 28528650000085526   7               1508201800000000000544000101981X                         0900000000000010000000000000000000000000000000000000000   0000000000000000000000210A9        170272852865     
0010001300010U 020000000000000000000000000000000000000000000000000000000000000000000000000000000000000000000000000000000000000000000000001805201800000000            000000000000000                              000                           
0010001300011T 02002003000000028629X 28528650000085527   7               1509201800000000000544000101981X                         0900000000000010000000000000000000000000000000000000000   0000000000000000000000210A9        170272852865     
0010001300012U 020000000000000000000000000000000000000000000000000000000000000000000000000000000000000000000000000000000000000000000000001805201800000000            000000000000000                              000                           
0010001300013T 02002003000000028629X 28528650000085528   7               1510201800000000000544000101981X                         0900000000000010000000000000000000000000000000000000000   0000000000000000000000210A9        170272852865     
0010001300014U 020000000000000000000000000000000000000000000000000000000000000000000000000000000000000000000000000000000000000000000000001805201800000000            000000000000000                              000                           
0010001300015T 02002003000000028629X 28528650000085529   7               1511201800000000000544000101981X                         0900000000000010000000000000000000000000000000000000000   0000000000000000000000210A9        170272852865     
0010001300016U 020000000000000000000000000000000000000000000000000000000000000000000000000000000000000000000000000000000000000000000000001805201800000000            000000000000000                              000                           
0010001300017T 02002003000000028629X 28528650000085530   7               1512201800000000000544000101981X                         0900000000000010000000000000000000000000000000000000000   0000000000000000000000210A9        170272852865     
0010001300018U 020000000000000000000000000000000000000000000000000000000000000000000000000000000000000000000000000000000000000000000000001805201800000000            000000000000000                              000                           
0010001300019T 02002003000000028629X 28528650000086464   7               06062018000000000045248001000671                         0900000000000010000000000000000000000000000000000000000   0000000000000000000000210A9        170272852865     
0010001300020U 020000000000000000000000000000000000000000000000000000000000000000000000000000000000000000000000000000000000000000000000001805201800000000            000000000000000                              000                           
0010001300021T 02002003000000028629X 28528650000086465   7               15062018000000000042635001000671                         0900000000000010000000000000000000000000000000000000000   0000000000000000000000210A9        170272852865     
0010001300022U 020000000000000000000000000000000000000000000000000000000000000000000000000000000000000000000000000000000000000000000000001805201800000000            000000000000000                              000                           
0010001300023T 02002003000000028629X 28528650000087442   7               30062018000000000019950001018376                         0900000000000010000000000000000000000000000000000000000   0000000000000000000000210A9        170272852865     
0010001300024U 020000000000000000000000000000000000000000000000000000000000000000000000000000000000000000000000000000000000000000000000001805201800000000            000000000000000                              000                           
0010001300025T 02002003000000028629X 28528650000087443   7               30072018000000000019950001018376                         0900000000000010000000000000000000000000000000000000000   0000000000000000000000210A9        170272852865     
0010001300026U 020000000000000000000000000000000000000000000000000000000000000000000000000000000000000000000000000000000000000000000000001805201800000000            000000000000000                              000                           
0010001300027T 02002003000000028629X 28528650000087444   7               30082018000000000019950001018376                         0900000000000010000000000000000000000000000000000000000   0000000000000000000000210A9        170272852865     
0010001300028U 020000000000000000000000000000000000000000000000000000000000000000000000000000000000000000000000000000000000000000000000001805201800000000            000000000000000                              000                           
0010001300029T 02002003000000028629X 28528650000087445   7               30092018000000000019950001018376                         0900000000000010000000000000000000000000000000000000000   0000000000000000000000210A9        170272852865     
0010001300030U 020000000000000000000000000000000000000000000000000000000000000000000000000000000000000000000000000000000000000000000000001805201800000000            000000000000000                              000                           
0010001300031T 02002003000000028629X 28528650000087446   7               30102018000000000019950001018376                         0900000000000010000000000000000000000000000000000000000   0000000000000000000000210A9        170272852865     
0010001300032U 020000000000000000000000000000000000000000000000000000000000000000000000000000000000000000000000000000000000000000000000001805201800000000            000000000000000                              000                           
0010001300033T 02002003000000028629X 28528650000087447   7               30112018000000000019950001018376                         0900000000000010000000000000000000000000000000000000000   0000000000000000000000210A9        170272852865     
0010001300034U 020000000000000000000000000000000000000000000000000000000000000000000000000000000000000000000000000000000000000000000000001805201800000000            000000000000000                              000                           
0010001300035T 02002003000000028629X 28528650000087448   7               30122018000000000019950001018376                         0900000000000010000000000000000000000000000000000000000   0000000000000000000000210A9        170272852865     
0010001300036U 020000000000000000000000000000000000000000000000000000000000000000000000000000000000000000000000000000000000000000000000001805201800000000            000000000000000                              000                           
0010001300037T 02002003000000028629X 28528650000087449   7               30012019000000000019950001018376                         0900000000000010000000000000000000000000000000000000000   0000000000000000000000210A9        170272852865     
0010001300038U 020000000000000000000000000000000000000000000000000000000000000000000000000000000000000000000000000000000000000000000000001805201800000000            000000000000000                              000                           
0010001300039T 02002003000000028629X 28528650000087450   7               28022019000000000019950001018376                         0900000000000010000000000000000000000000000000000000000   0000000000000000000000210A9        170272852865     
0010001300040U 020000000000000000000000000000000000000000000000000000000000000000000000000000000000000000000000000000000000000000000000001805201800000000            000000000000000                              000                           
0010001300041T 02002003000000028629X 28528650000087451   7               30032019000000000019950001018376                         0900000000000010000000000000000000000000000000000000000   0000000000000000000000210A9        170272852865     
0010001300042U 020000000000000000000000000000000000000000000000000000000000000000000000000000000000000000000000000000000000000000000000001805201800000000            000000000000000                              000                           
0010001300043T 02002003000000028629X 28528650000087452   7               30042019000000000019950001018376                         0900000000000010000000000000000000000000000000000000000   0000000000000000000000210A9        170272852865     
0010001300044U 020000000000000000000000000000000000000000000000000000000000000000000000000000000000000000000000000000000000000000000000001805201800000000            000000000000000                              000                           
0010001300045T 02002003000000028629X 28528650000087453   7               30052019000000000019950001018376                         0900000000000010000000000000000000000000000000000000000   0000000000000000000000210A9        170272852865     
0010001300046U 020000000000000000000000000000000000000000000000000000000000000000000000000000000000000000000000000000000000000000000000001805201800000000            000000000000000                              000                           
0010001300047T 02002003000000028629X 28528650000087613   7               20052018000000000016100001016179                         0900000000000010500000000000000000000000000000000000000   0000000000000000000000000A9A4      170272852865     
0010001300048U 020000000000000000000000000000000000000000000000000000000000000000000000000000000000000000000000000000000000000000000000001805201800000000            000000000000000                              000                           
0010001300049T 02002003000000028629X 28528650000087979   7               18052018000000000009422001035297                         0900000000000010000000000000000000000000000000000000000   0000000000000000000000210A9        170272852865     
0010001300050U 020000000000000000000000000000000000000000000000000000000000000000000000000000000000000000000000000000000000000000000000001805201800000000            000000000000000                              000                           
0010001300051T 02002003000000028629X 28528650000087981   7               18052018000000000009422001035297                         0900000000000010000000000000000000000000000000000000000   0000000000000000000000210A9        170272852865     
0010001300052U 020000000000000000000000000000000000000000000000000000000000000000000000000000000000000000000000000000000000000000000000001805201800000000            000000000000000                              000                           
0010001300053T 02002003000000028629X 28528650000087982   7               30052018000000000213500001028029                         0900000000000010500000000000000000000000000000000000000   0000000000000000000000000A9A4      170272852865     
0010001300054U 020000000000000000000000000000000000000000000000000000000000000000000000000000000000000000000000000000000000000000000000001805201800000000            000000000000000                              000                           
0010001300055T 02002003000000028629X 28528650000087983   7               30052018000000000006000001016179                         0900000000000010000000000000000000000000000000000000000   0000000000000000000000210A9        170272852865     
0010001300056U 020000000000000000000000000000000000000000000000000000000000000000000000000000000000000000000000000000000000000000000000001805201800000000            000000000000000                              000                           
0010001300057T 02002003000000028629X 28528650000087984   7               30062018000000000006000001016179                         0900000000000010000000000000000000000000000000000000000   0000000000000000000000210A9        170272852865     
0010001300058U 020000000000000000000000000000000000000000000000000000000000000000000000000000000000000000000000000000000000000000000000001805201800000000            000000000000000                              000                           
0010001300059T 02002003000000028629X 28528650000087985   7               30072018000000000006000001016179                         0900000000000010000000000000000000000000000000000000000   0000000000000000000000210A9        170272852865     
0010001300060U 020000000000000000000000000000000000000000000000000000000000000000000000000000000000000000000000000000000000000000000000001805201800000000            000000000000000                              000                           
0010001300061T 02002003000000028629X 28528650000087986   7               30082018000000000006000001016179                         0900000000000010000000000000000000000000000000000000000   0000000000000000000000210A9        170272852865     
0010001300062U 020000000000000000000000000000000000000000000000000000000000000000000000000000000000000000000000000000000000000000000000001805201800000000            000000000000000                              000                           
0010001300063T 02002003000000028629X 28528650000087987   7               30092018000000000006000001016179                         0900000000000010000000000000000000000000000000000000000   0000000000000000000000210A9        170272852865     
0010001300064U 020000000000000000000000000000000000000000000000000000000000000000000000000000000000000000000000000000000000000000000000001805201800000000            000000000000000                              000                           
0010001300065T 02002003000000028629X 28528650000087988   7               30102018000000000006000001016179                         0900000000000010000000000000000000000000000000000000000   0000000000000000000000210A9        170272852865     
0010001300066U 020000000000000000000000000000000000000000000000000000000000000000000000000000000000000000000000000000000000000000000000001805201800000000            000000000000000                              000                           
0010001300067T 02002003000000028629X 28528650000087989   7               30112018000000000006000001016179                         0900000000000010000000000000000000000000000000000000000   0000000000000000000000210A9        170272852865     
0010001300068U 020000000000000000000000000000000000000000000000000000000000000000000000000000000000000000000000000000000000000000000000001805201800000000            000000000000000                              000                           
0010001300069T 02002003000000028629X 28528650000087990   7               30122018000000000006000001016179                         0900000000000010000000000000000000000000000000000000000   0000000000000000000000210A9        170272852865     
0010001300070U 020000000000000000000000000000000000000000000000000000000000000000000000000000000000000000000000000000000000000000000000001805201800000000            000000000000000                              000                           
0010001300071T 02002003000000028629X 28528650000087991   7               30012019000000000006000001016179                         0900000000000010000000000000000000000000000000000000000   0000000000000000000000210A9        170272852865     
0010001300072U 020000000000000000000000000000000000000000000000000000000000000000000000000000000000000000000000000000000000000000000000001805201800000000            000000000000000                              000                           
0010001300073T 02002003000000028629X 28528650000087992   7               28022019000000000006000001016179                         0900000000000010000000000000000000000000000000000000000   0000000000000000000000210A9        170272852865     
0010001300074U 020000000000000000000000000000000000000000000000000000000000000000000000000000000000000000000000000000000000000000000000001805201800000000            000000000000000                              000                           
0010001300075T 02002003000000028629X 28528650000087993   7               30032019000000000006000001016179                         0900000000000010000000000000000000000000000000000000000   0000000000000000000000210A9        170272852865     
0010001300076U 020000000000000000000000000000000000000000000000000000000000000000000000000000000000000000000000000000000000000000000000001805201800000000            000000000000000                              000                           
0010001300077T 02002003000000028629X 28528650000087994   7               30042019000000000006000001016179                         0900000000000010000000000000000000000000000000000000000   0000000000000000000000210A9        170272852865     
0010001300078U 020000000000000000000000000000000000000000000000000000000000000000000000000000000000000000000000000000000000000000000000001805201800000000            000000000000000                              000                           
0010001300079T 06002003000000028629X 28528650000087613   7               20052018000000000016100001000116                         0900000000000010000000000000000000000000000000000000000   000000000000000000000000000        170272852865     
0010001300080U 060000000000000000000000000000000000000000000000000000000000000000000000161000000000000161000000000000000000000000000000001805201821052018            000000000000000                              000                           
0010001300081T 06002003000000028629X 28528650000087979   7               18052018000000000009422041000850                         0900000000000010000000000000000000000000000000000000000   000000000000000000000000000        170272852865     
0010001300082U 060000000000000000000000000000000000000000000000000000000000000000000000094220000000000094220000000000000000000000000000001805201821052018            000000000000000                              000                           
00100015         000084000123000000000079858960000000000000000000000000000000000000000000000000000000000000000000000000000000000000000000000000000                                                                                              
00199999         000001000086000000                                                                                                                                                            00000000000000000000000000000                    
