00100000         2093389990001580028528650014       002003000000028629X SHOW PRESTADORA DE SERVICOS DOBANCO DO BRASIL                         22305201801055800070803000000504290680PROCESSAMEN                                                 
00100011T0100020 20093389990001580028528650014       002003000000028629X SHOW PRESTADORA DE SERVICOS DO                                                                                000000002305201800000000  000000000                      
0010001300001T 02002003000000028629X 28528650000082776   7               24052018000000000029930001002100                         0900000000000010000000000000000000000000000000000000000   0000000000000000000000210A9        170272852865     
0010001300002U 020000000000000000000000000000000000000000000000000000000000000000000000000000000000000000000000000000000000000000000000002305201800000000            000000000000000                              000                           
0010001300003T 02002003000000028629X 28528650000085326   7               23052018000000000011167001030864                         0900000000000010000000000000000000000000000000000000000   0000000000000000000000210A9        170272852865     
0010001300004U 020000000000000000000000000000000000000000000000000000000000000000000000000000000000000000000000000000000000000000000000002305201800000000            000000000000000                              000                           
0010001300005T 02002003000000028629X 28528650000085565   7               23052018000000000021319001016179                         0900000000000010000000000000000000000000000000000000000   0000000000000000000000210A9        170272852865     
0010001300006U 020000000000000000000000000000000000000000000000000000000000000000000000000000000000000000000000000000000000000000000000002305201800000000            000000000000000                              000                           
0010001300007T 02002003000000028629X 28528650000085645   7               23052018000000000010512001002704                         0900000000000010000000000000000000000000000000000000000   0000000000000000000000210A9        170272852865     
0010001300008U 020000000000000000000000000000000000000000000000000000000000000000000000000000000000000000000000000000000000000000000000002305201800000000            000000000000000                              000                           
0010001300009T 02002003000000028629X 28528650000085696   7               20062018000000000034950001035297                         0900000000000010000000000000000000000000000000000000000   0000000000000000000000210A9        170272852865     
0010001300010U 020000000000000000000000000000000000000000000000000000000000000000000000000000000000000000000000000000000000000000000000002305201800000000            000000000000000                              000                           
0010001300011T 02002003000000028629X 28528650000088014   7               23052018000000000009422001035297                         0900000000000010000000000000000000000000000000000000000   0000000000000000000000210A9        170272852865     
0010001300012U 020000000000000000000000000000000000000000000000000000000000000000000000000000000000000000000000000000000000000000000000002305201800000000            000000000000000                              000                           
0010001300013T 02002003000000028629X 28528650000088015   7               23052018000000000009422001035297                         0900000000000010000000000000000000000000000000000000000   0000000000000000000000210A9        170272852865     
0010001300014U 020000000000000000000000000000000000000000000000000000000000000000000000000000000000000000000000000000000000000000000000002305201800000000            000000000000000                              000                           
0010001300015T 02002003000000028629X 28528650000088016   7               24052018000000000158200001028029                         0900000000000010000000000000000000000000000000000000000   0000000000000000000000210A9        170272852865     
0010001300016U 020000000000000000000000000000000000000000000000000000000000000000000000000000000000000000000000000000000000000000000000002305201800000000            000000000000000                              000                           
0010001300017T 02002003000000028629X 28528650000088019   7               30052018000000000071070001037060                         0900000000000010000000000000000000000000000000000000000   0000000000000000000000210A9        170272852865     
0010001300018U 020000000000000000000000000000000000000000000000000000000000000000000000000000000000000000000000000000000000000000000000002305201800000000            000000000000000                              000                           
0010001300019T 06002003000000028629X 28528650000085565   7               23052018000000000021319033038570                         0900000000000010000000000000000000000000000000000000000   000000000000000000000000000        170272852865     
0010001300020U 060000000000000000000000000000000000000000000000000000000000000000000000213190000000000213190000000000000000000000000000002305201824052018            000000000000000                              000                           
0010001300021T 06002003000000028629X 28528650000088014   7               23052018000000000009422104034600                         0900000000000010000000000000000000000000000000000000000   000000000000000000000000000        170272852865     
0010001300022U 060000000000000000000000000000000000000000000000000000000000000000000000094220000000000094220000000000000000000000000000002305201824052018            000000000000000                              000                           
0010001300023T 06002003000000028629X 28528650000088015   7               23052018000000000009422041011510                         0900000000000010000000000000000000000000000000000000000   000000000000000000000000000        170272852865     
0010001300024U 060000000000000000000000000000000000000000000000000000000000000000000000094220000000000094220000000000000000000000000000002305201824052018            000000000000000                              000                           
00100015         000026000185000000000090192990000000000000000000000000000000000000000000000000000000000000000000000000000000000000000000000000000                                                                                              
00199999         000001000028000000                                                                                                                                                            00000000000000000000000000000                    
