00100000         2093389990001580028528650014       002003000000028629X SHOW PRESTADORA DE SERVICOS DOBANCO DO BRASIL                         21203201802370500063003000000504290680PROCESSAMEN                                                 
00100011T0100020 20093389990001580028528650014       002003000000028629X SHOW PRESTADORA DE SERVICOS DO                                                                                000000001203201800000000  000000000                      
0010001300001T 06002003000000028629X 28528650000000004   2171/02         10032018000000000112450237021080                         0900000000000010000000000000000000000000000000000000000   000000000000000000000000000        170272852865     
0010001300002U 060000000000000000000000000000000000000000000000000000000000000000000001124500000000001124500000000000000000000000000000001203201813032018            000000000000000                              000                           
0010001300003T 06002003000000028629X 28528650000000037   22161/03        10032018000000000078100341003720                         0900000000000010000000000000000000000000000000000000000   000000000000000000000000000        170272852865     
0010001300004U 060000000000000000000000000000000000000000000000000000000000000000000000781000000000000781000000000000000000000000000000001203201813032018            000000000000000                              000                           
0010001300005T 06002003000000028629X 28528650000000059   21983/03        10032018000000000155740001043621                         0900000000000010000000000000000000000000000000000000000   000000000000000000000000000        170272852865     
0010001300006U 060000000000000000000000000000000000000000000000000000000000000000000001557400000000001557400000000000000000000000000000001203201813032018            000000000000000                              000                           
0010001300007T 06002003000000028629X 28528650000000081   264/03          10032018000000000237450104007580                         0900000000000010000000000000000000000000000000000000000   000000000000000000000000000        170272852865     
0010001300008U 060000000000000000000000000000000000000000000000000000000000000000000002374500000000002374500000000000000000000000000000001203201813032018            000000000000000                              000                           
0010001300009T 06002003000000028629X 28528650000000124   2672/03         10032018000000000032450237056110                         0900000000000010000000000000000000000000000000000000000   000000000000000000000000000        170272852865     
0010001300010U 060000000000000000000000000000000000000000000000000000000000000000000000324500000000000324500000000000000000000000000000001203201813032018            000000000000000                              000                           
0010001300011T 28002003000000028629X 28528650000000014   25011/02        10022018000000000071760001000000                         0900000000000000000000000000000000000000000000000000000   000000000000000000000061002        170272852865     
0010001300012U 280000000000000000000000000000000000000000000000000000000000000000000000000000000000000000000000000000000000000000000000001203201800000000            000000000000000                              000                           
0010001300013T 28002003000000028629X 28528650000000036   22161/02        10022018000000000078550001000000                         0900000000000000000000000000000000000000000000000000000   000000000000000000000061002        170272852865     
0010001300014U 280000000000000000000000000000000000000000000000000000000000000000000000000000000000000000000000000000000000000000000000001203201800000000            000000000000000                              000                           
0010001300015T 28002003000000028629X 28528650000000069   21939/02        10022018000000000302450001000000                         0900000000000000000000000000000000000000000000000000000   000000000000000000000061002        170272852865     
0010001300016U 280000000000000000000000000000000000000000000000000000000000000000000000000000000000000000000000000000000000000000000000001203201800000000            000000000000000                              000                           
0010001300017T 28002003000000028629X 28528650000000112   2403/02         10022018000000000048000001000000                         0900000000000000000000000000000000000000000000000000000   000000000000000000000061002        170272852865     
0010001300018U 280000000000000000000000000000000000000000000000000000000000000000000000000000000000000000000000000000000000000000000000001203201800000000            000000000000000                              000                           
0010001300019T 28002003000000028629X 28528650000000123   2672/02         10022018000000000032450001000000                         0900000000000000000000000000000000000000000000000000000   000000000000000000000061002        170272852865     
0010001300020U 280000000000000000000000000000000000000000000000000000000000000000000000000000000000000000000000000000000000000000000000001203201800000000            000000000000000                              000                           
00100015         000022000059000000000068658200000870000000000998690000000000000000000000000000000000000000000000000000000000000000000000000000000                                                                                              
00199999         000001000024000000                                                                                                                                                            00000000000000000000000000000                    
