00100000         2093389990001580001645440126       002003000000028629X0SHOW PRESTADORA DE SERVICOS DOBANCO DO BRASIL S/A                     116062018000000000044050                                                                          
00100011C9841031 2093389990001580001645440126       002003000000028629X0SHOW PRESTADORA DE SERVICOS DO                                                                                                                                V.PAG10136
0010001300001A00001804100843 000060597020  MINOSSO AUTO ELETRICA         0000000000000000956618062018BRL000000000000000000000000003430                    18062018000000000003430                                                    0          
0010001300002B   200442030000158                                                                                               18062018000000000003430                                                                                          
0010001300003A0000180330000350000130078228 LUCAS ANTONIO MENEGUEZI - ME  0000000000000000935418062018BRL000000000000000000000000107030                    18062018000000000107030                                                    0          
0010001300004B   224259733000103                                                                                               18062018000000000107030                                                                                          
00100015         000006000000000000110460                                                                                                                                                                                                       
00199999         000001000008                                                                                                                                                                                                                   