00100000         2093389990001580001609920126       00200300000003932150NORIO MOMOI ME                BANCO DO BRASIL S/A                     114052018000000000001050                                                                          
00100011C3001031 2093389990001580001609920126       00200300000003932150NORIO MOMOI ME                                                                                                                                                V.PAG10136
0010001300001A0000000010020030000000109339 EDUARDO LEITE CRUZ LACET      0000000000000000933313052018BRL000000000000000000000000001100                    13052018000000000001100                                                    0          
0010001300002B   100001036267431                                                                                               13052018000000000001100                                                                                          
0010001300003A0000000010020030000000109339 EDUARDO LEITE CRUZ LACET      0000000000000000933413052018BRL000000000000000000000000001025                    13052018000000000001025                                                    0          
0010001300004B   100001036267431                                                                                               13052018000000000001025                                                                                          
00100015         000006000000000000002125                                                                                                                                                                                                       
00199999         000001000008                                                                                                                                                                                                                   